2594 4672
698 260 723 325 2

188 420 378 518 praeclusos
400 421 511 493 adhuc
541 442 576 495 et
603 425 790 496 obstructos
811 420 968 521 reperies,
996 443 1036 495 ιιι
1064 451 1103 496 ea
1128 427 1173 497 de
1192 452 1232 498 re

189 530 292 598 etiam
320 552 413 595 nnnc
439 531 549 623 repeti
577 554 676 623 posse
704 531 894 614 videantur,
924 530 1083 630 quaeda
1113 535 1231 603 critica

188 633 403 727 castigatione
432 631 513 701 olim
533 633 680 703 Wolfins
701 637 827 702 statuit:
860 659 931 703 non
957 635 1003 705 ita
1025 637 1138 703 omnia
1160 660 1231 706 esse

187 755 359 833 occupata,
382 739 476 806 notis
496 754 535 804 ut
555 738 645 805 curis
676 736 769 805 locus
805 737 942 805 deesset
988 729 1230 812 Commentarii
1275 764 1284 786 ··

188 843 280 911 enim
301 842 479 910 maximam
499 859 630 934 partem
651 843 689 908 in
710 841 819 908 verbis
840 841 988 922 haerent,
1012 859 1045 909 et
1065 869 1230 935 gramma.

187 949 253 1016 tieo
276 969 375 1014 sensu
397 942 658 1014 demonstrando
681 961 903 1038 occupantur3
925 942 1031 1011 multa
1053 948 1090 1013 in
1111 970 1229 1017 rernm

186 1048 420 1144 explanatione
458 1046 677 1135 desideranda
704 1045 918 1138 relinquunt,
954 1047 992 1116 in
1020 1071 1086 1140 qua
1117 1066 1228 1117 tamen

185 1151 470 1246 interpretationis
500 1174 630 1217 summa
657 1149 728 1216 scre
761 1167 975 1217 consumatur
1003 1174 1136 1218 necesse
1167 1170 1226 1229 est.

185 1255 228 1325 ad
255 1252 419 1323 eiusmodi
448 1271 597 1322 auctores
625 1253 760 1322 lectoris
789 1255 927 1346 ingenio
955 1252 1053 1320 facile
1083 1273 1226 1350 apteque

182 1358 417 1438 insinuandos,
448 1358 527 1450 qui,
559 1356 659 1426 liceat
688 1359 779 1424 enim
808 1359 1065 1450 ingeniosissimi
1093 1359 1225 1444 iudicis,

182 1462 305 1534 Wollii
345 1462 455 1530 verbis
488 1479 637 1531 nostrum
672 1485 786 1528 rursus
827 1462 987 1531 adornare
1014 1465 1223 1547 sententiam,

143 1554 148 1563 .
183 1569 290 1639 obviis
317 1567 428 1636 verbis
460 1565 620 1661 facilique
649 1589 688 1633 ac
716 1564 870 1644 dilucida
897 1568 1047 1634 aratione
1076 1567 1225 1659 comple-

183 1690 317 1743 ctuntur
337 1695 390 1739 res
413 1670 590 1752 eiusmodi,
613 1670 734 1763 quibus
757 1667 928 1762 capiendis
950 1667 1055 1737 multa
1077 1672 1224 1765 antiqui-

41 1778 50 1787 ’
109 1865 113 1874 ¹
183 1779 257 1849 tatis
280 1774 432 1847 doctrina
454 1797 538 1865 opus
561 1787 619 1840 est.

270 1980 370 2068 Quod
391 1981 546 2048 universa
567 1977 611 2047 de
637 1952 823 2049 oratoribus
845 1980 990 2048 dictum
999 1979 1043 2049 ad
1069 2005 1147 2052 eum
1168 1982 1224 2054 vel

180 2087 325 2159 maxime
345 2085 502 2181 pertinet,
525 2106 626 2178 quem
647 2083 919 2152 candidissimum
940 2086 1151 2179 eloquentiae
1165 2111 1224 2167 ex·

182 2190 334 2287 emplum
366 2188 466 2257 nobis
503 2190 684 2310 antiquitas
714 2187 862 2256 tradidit.
919 2190 960 2257 In
996 2192 1222 2260 Demosthene

91 2296 95 2307 '
181 2319 283 2393 quant
314 2293 445 2363 subtilis
468 2293 674 2387 antiquitatis
697 2294 854 2385 cognitio,-
883 2282 1040 2364 historiae
1069 2293 1224 2389 religiosa
1280 2313 1287 2328 ‘

178 2400 347 2495 indagatio
377 2395 656 2481 desideretur,
630 2421 659 2466 ει
690 2399 824 2490 penitus
849 2397 930 2466 velis
958 2418 1124 2469 oratorem
1143 2423 1223 2492 per·

181 2507 295 2601 cipere
317 2520 351 2573 et
373 2501 448 2572 aliis
469 2500 729 2625 percipiendum
750 2520 936 2594 praestare,
966 2505 1089 2571 eximio
1113 2527 1222 2570 exem-

178 2609 240 2705 plo
261 2608 415 2704 probavit
435 2606 594 2687 Wolfins,
617 2607 752 2674 criticus
774 2628 900 2698 aeque
910 2624 943 2673 et
963 2608 1127 2699 interpres
1149 2631 1221 2675 am-

179 2713 279 2781 nibus
306 2711 456 2779 numeris
484 2698 661 2778 absolutus
708 2707 836 2793 Quodsi
865 2709 1014 2776 enimin
1036 2713 1220 2804 interprete

178 2839 216 2884 aa
243 2815 455 2909 potissimum
484 2814 585 2881 virtus
612 2813 814 2906 requiritur,
843 2829 881 2879 ut
908 2814 1096 2882 cuiusmodi
1125 2814 1220 2882 adiu-

176 2937 329 2989 mentum
351 2942 403 2986 rcs
422 2917 588 2987 desiderat
605 2934 637 2984 et
659 2936 832 3011 quantum,
856 2916 893 2983 id
906 2917 949 2983 ad
963 2917 1219 3011 intelligendum

177 3042 348 3093 auctorem
370 3021 558 3116 legentibus
580 3021 702 3104 afferat,
725 3046 828 3089 unam
849 3020 941 3089 illius
963 3024 1052 3091 inter
1072 3042 1218 3095 oratores

175 3128 342 3225 principis
365 3128 549 3197 orationem
578 3125 749 3220 hucusque
772 3127 818 3194 ita
845 3147 1068 3220 comparatam
1097 3148 1130 3197 et
1151 3129 1219 3198 col·
1259 3205 1263 3212 ,

176 3232 349 3302 lustratam
371 3255 451 3315 esse,
473 3247 512 3299 ut
533 3230 688 3299 omnibus
703 3229 877 3298 desideriis
899 3233 985 3301 iuste
1006 3232 1217 3324 respondeat,

176 3333 407 3405 confitendum
429 3353 493 3416 est,
527 3359 613 3417 eam,
644 3357 747 3427 quam
785 3333 901 3403 Walfii
932 3361 1011 3403 cura
1041 3338 1078 3403 in
1106 3336 1218 3406 lucem

174 3438 326 3536 protulit.
368 3438 531 3533 Reliquae
550 3440 660 3506 iacent
680 3439 748 3505 suis
764 3436 872 3508 adhuc
883 3441 986 3532 spinis
1001 3443 1217 3536 sentibusque

173 3561 289 3624 tectae,
312 3560 345 3611 et
367 3542 428 3637 qui
450 3541 621 3630 abolendis
644 3543 691 3609 eis
712 3567 783 3610 non
810 3542 920 3611 dicam
941 3540 1100 3629 Wolfiani
1123 3549 1217 3638 inge-

173 3649 223 3717 nii
252 3648 475 3740 sagacitatem,
504 3645 564 3715 sed
593 3646 857 3740 colligendorum
885 3648 1108 3719 subsidiorum
1136 3650 1216 3717 dili·

173 3753 317 3847 gentiam
347 3751 453 3844 probe
486 3768 519 3818 et
559 3775 669 3847 super·
697 3749 961 3822 mediocritatem
996 3755 1213 3832 admoverint,

171 3856 332 3952 perpauci
354 3856 579 3924 inveniuntur.
