2594 4672
573 266 728 367 *am

131 430 362 522 Athenienses,
385 455 501 523 pacem
524 455 725 525 componere
748 433 906 515 voluisse,
935 429 973 501 et'
989 436 1031 500 de
1053 436 1169 527 legatis

132 559 205 609 eam
228 534 271 603 ob
301 536 627 605 causammiuendis
657 538 831 627 cogitasse,
866 539 988 630 quibus
1017 541 1169 632 Philippi
1271 534 1272 538 ¹

131 638 283 722 consiliis
304 662 367 705 nec
389 663 458 706 non
480 642 687 714 imminentis
710 641 852 731 periculi
874 660 966 708 metu
988 663 1170 712 commotos

129 742 301 833 principes
324 743 563 810 Thebanorum
585 746 794 835 magistratus
817 762 851 811 et
878 747 967 837 ipsos
990 745 1032 810 ad
1053 772 1170 838 pacem

130 843 321 926 declinasse,
345 865 378 913 et
399 846 549 914 subsidia
559 846 825 928 Atheniensium,
849 873 933 938 quae
952 872 1080 938 egressa
1102 854 1170 916 iam

129 966 247 1031 essent,
271 949 313 1035 ad
331 975 365 1016 se
382 949 616 1041 recipiendum
630 951 785 1040 coegisse,
810 967 848 1047 ut
864 952 931 1040 ipsi
955 953 1053 1017 etiam
1067 955 1171 1020 Athe-

127 1051 260 1114 nienses
273 1049 415 1139 de'pace
425 1048 660 1113 deliberarent.
677 1076 680 1081 ¹
696 1052 741 1114 At
751 1051 833 1118 haee
844 1052 1083 1117 Thebanorum
1099 1075 1168 1115 ma-

128 1148 326 1241 gistratuum
342 1149 478 1216 consilia
497 1148 622 1216 retudit
641 1149 892 1232 Demosthenes,
917 1148 1095 1218 decernere
1109 1176 1170 1243 po·
1225 1147 1227 1151 ’

128 1253 251 1343 pulum
263 1253 392 1332 iubens,
406 1263 444 1319 u‘t
454 1254 604 1344 quisquis
616 1254 707 1343 pacis
720 1253 837 1327 lecerit
852 1254 1066 1334 mentionem,
1088 1255 1116 1320 is
1132 1257 1170 1320 in

129 1354 264 1421 vincula
279 1353 510 1420 abduceretur.
523 1357 643 1438 ⁴Quam
655 1355 698 1422 ob
710 1380 783 1420 rem
795 1355 1029 1435 Boeotarchas,
1038 1379 1081 1420 ne
1093 1381 1173 1446 pro-.
1252 1424 1255 1433 ,

98 1500 100 1504 -
132 1457 254 1525 ditores
271 1458 430 1524 Graeciae
446 1457 648 1539 viderentur,
672 1460 831 1526 continuo
852 1483 871 1523 a
893 1466 975 1551 pace
997 1456 1038 1523 ad
1065 1461 1171 1524 aciem

129 1553 359 1648 instruendam
379 1563 588 1629 convertisse.
633 1561 752 1628 Aescb.
766 1560 830 1651 l.c.
845 1588 879 1653 p.
897 1567 935 1651 75
953 1564 1000 1627 in.
1044 1561 1169 1627 Eadem

131 1682 277 1757 exparte
292 1665 394 1732 refert
411 1662 500 1733 Plut.
524 1667 562 1732 in
584 1662 745 1741 Demo.¹
762 1669 809 1731 18.
855 1665 956 1732 Phoc.
985 1665 1034 1732 16.

178 1828 181 1835 ,
217 1769 307 1836 Haec
329 1790 439 1836 autem
464 1769 543 1835 dum
566 1769 756 1860 agebantur,
780 1767 955 1861 Philippus
978 1769 1092 1835 Elatea
1114 1793 1170 1862 oc·

128 1891 248 1963 cupata
271 1897 350 1939 cum
373 1872 517 1964 quadam
552 1874 710 1939 exercitus
739 1889 833 1964 parte
865 1874 1025 1940 contiuuo
1057 1897 1168 1938 versus

127 1976 341 2068 Amphissam
378 1979 578 2068 processisse
613 1975 752 2051 videtur.
811 1978 947 2042 Etenim
986 1977 1168 2042 Aeschines

127 2078 163 2168 (l.
188 2104 216 2145 e.
239 2106 273 2172 p.
298 2087 349 2170 74.
373 2082 476 2169 med.)
505 2080 702 2173 Philippum
733 2083 769 2147 in
793 2105 845 2160 ea,
878 2106 963 2172 quae
990 2096 1062 2147 tum
1085 2099 1168 2146 tem·
1240 2088 1243 2093 '

126 2186 220 2275 poris
243 2201 322 2264 erat,
339 2208 461 2249 rerum
484 2186 731 2275 opportunitate
754 2184 841 2250 nihil
863 2183 1031 2254 ardentius
1048 2185 1090 2250 in
1111 2207 1168 2251 vo-

128 2288 170 2352 tis
192 2287 348 2352 habuisse
370 2285 470 2366 dicit,
503 2312 602 2378 quam
632 2305 670 2352 ut
699 2290 876 2378 separatim
903 2286 1055 2355 adversus
1086 2289 1167 2353 Am·
1241 2301 1243 2306 ’

126 2391 331 2499 phissenses,
365 2392 544 2484 separatim
572 2388 725 2455 adversus
755 2391 975 2477 Athenienses
1005 2390 1166 2477 dimicare
1233 2473 1236 2476 ἦ

125 2496 247 2586 posset.
294 2495 423 2579 Quibus
445 2495 527 2560 votis
551 2491 700 2584 Philippi
732 2482 863 2586 egregie
893 2473 1077 2587 adspirasse
1099 2495 1165 2560 Dc-

125 2598 335 2673 mosthenem
366 2600 428 2679 ait,
456 2622 566 2716 quum
592 2595 708 2662 decem
739 2599 1022 2664 mercenariorum
1048 2597 1164 2679 millia,

123 2704 244 2770 Atticis
256 2701 419 2768 eonducta
431 2702 593 2794 pecuniis,
605 2701 896 2792 Amphisscnsihus
909 2701 1029 2770 elooar
1021 2720 1083 2769 rt.
1102 2704 1161 2768 His

126 2808 217 2875 enim
232 2805 457 2899 pessumdatis
480 2803 708 2873 audentiorem
729 2804 826 2870 illum
844 2806 977 2888 factum,
1001 2807 1164 2908 reipubli-
1192 2797 1193 2801 ¹

117 2936 184 2983 ⁴cae
206 2936 281 2978 vero
305 2910 451 2977 subsidia
473 2911 616 2997 graviter
644 2910 774 2976 subcisa
801 2909 983 2977 contendit.
1029 2910 1080 2976 Cf.
1103 2912 1164 2976 Di-

124 3014 278 3080 narch.
269 3040 306 3080 111
336 3015 506 3080 Demosth.
533 3040 568 3106 p.
585 3017 644 3082 51.
691 3012 730 3078 111
756 3014 880 3080 iactum
906 3013 1119 3079 Aeschines
1111 3040 1164 3079 m-

125 3137 177 3186 ter
205 3143 243 3184 ea
266 3138 401 3199 narrat,
434 3142 519 3210 quae
548 3118 708 3184 continuo
731 3134 807 3207 post
834 3115 951 3182 foedus
974 3141 1049 3182 cum
1071 3117 1162 3183 The-

77 3280 78 3287 .
123 3223 251 3311 banis
242 3241 346 3288 tetum
374 3239 463 3313 gesta
490 3222 566 3287 sint.
616 3218 716 3285 Unde
743 3216 915 3287 manifesto
938 3220 1061 3310 liquet,
1090 3222 1162 3286 hel-

122 3306 195 3392 lum
217 3324 366 3418 Philippi
388 3351 464 3391 eum
487 3324 810 3416 Amphissensibus
804 3322 846 3389 ad
865 3323 1161 3414 Seirophorionem

123 3430 261 3505 demum
287 3447 462 3503 exeuntem
495 3427 629 3519 Olymp.
663 3427 741 3508 CX,
780 3452 799 3492 1
831 3428 1043 3494 referendum
1075 3455 1160 3514 esse,

123 3534 161 3600 id
184 3533 275 3627 quod
297 3553 428 3626 praeter
450 3558 497 3613 ea,
521 3556 608 3624 quae
631 3533 811 3623 supraiam
834 3530 967 3597 eadem
974 3531 1074 3597 dere
1097 3553 1161 3599 sta-

123 3640 259 3728 tuimus,
282 3637 355 3702 aliis
380 3661 514 3728 quoque
539 3638 739 3728 argumentis
755 3635 979 3730 confirmatur.
1026 3639 1159 3703 Etenim

122 3741 312 3809 Dinarchus
343 3740 381 3826 (l.
413 3750 454 3824 c.)
485 3742 767 3806 mercenariorum
805 3739 942 3808 illorum
977 3739 1095 3823 ducem
1129 3759 1163 3809 et

121 3845 329 3938 proditorem
363 3844 487 3911 factum
506 3832 609 3910 'dicit
648 3846 840 3912 Proxenum
878 3869 964 3926 csse,
1000 3847 1170 3911 nimirum·
1203 3876 1206 3885 ·

121 3950 361 4018 Atheniensem
382 3945 477 4013 illum
499 3949 745 4039 imperatorem,
769 3973 805 4014 ex
817 3952 1026 4041 superiorum
1048 3973 1162 4017 rerum
1250 3952 1253 3957 ’
1280 3996 1283 4005 ‚

123 4056 333 4123 enarratione
362 4053 440 4119 satis
471 4053 589 4120 notum
618 4060 659 4135 (v.
687 4077 785 4144 supra
808 4078 878 4144 cap.
903 4053 969 4136 111,
999 4078 1051 4123 nr.
1079 4078 1106 4153 t,
1129 4078 1164 4137 2,-
