2594 4672
571 269 864 374 „unas

127 437 273 509 Athenis
292 437 456 514 habitam,
471 512 473 517 ἱ
487 436 570 504 adeo
598 459 712 504 secum
733 434 888 532 profecto
906 453 1121 528 congruunt,
1136 456 1176 519 nt

129 543 174 610 ad
195 541 337 632 eandem
356 565 430 607 rem
459 540 579 625 referri
607 563 704 633 posse
725 539 910 608 videantur.
956 539 1086 626 ,Quodsi
1109 545 1176 639 ἰςὶ-Ι

127 663 184 713 tur
211 645 373 737 Pythonis
402 644 520 736 legatio
551 646 589 712 in
620 667 670 713 or.
699 644 742 712 de
769 643 890 713 Halon.
918 662 952 712 et
972 643 1033 712 illo
1057 671 1107 716 or.
1132 647 1175 719 dt

130 774 198 829 cor.
236 747 311 816 loco
350 768 531 819 memorata
564 748 681 838 eadem
710 765 777 830 est,
813 749 906 819 cuius
941 749 1105 818 Libanius
1138 756 1188 827 in·

127 870 323 946 argumento
346 852 389 919 ad
410 855 498 920 Dem
520 876 568 922 or.
590 851 677 918 Phil.
700 852 732 918 II
753 854 919 934 meminit,
941 852 1013 946 ipsa
1033 855 1174 932 fortasse

125 959 192 1026 hac
220 959 371 1026 oratione
398 956 470 1024 adv.
515 955 601 1023 Phil.
636 956 669 1023 II
696 954 855 1023 refutasse
883 956 1071 1049 Pythonem
1103 950 1183 1037 Dea„
1212 992 1215 999 ¹

126 1061 507 1151 mosthenes‘uideatur.
563 1063 656 1145 Quae
687 1061 801 1152 opinio
828 1085 1034 1154 ‚quamquam
1057 1066 1196 1143 minus¹

126 1166 209 1234 inde
232 1166 465 1245 confirmatur,
495 1164 587 1257 quod
608 1188 678 1232 non
700 1162 855 1232 adversus
877 1165 1088 1256 Pythonem,
1113 1169 1175 1251 sed

128 1271 172 1339 ad
192 1270 413 1338 Athenienses
442 1270 553 1362 potius
580 1268 680 1337 verba
709 1286 821 1338 orator
847 1269 944 1353 iacit,
959 1293 1187 1362 ,argumento

93 1413 96 1418 ·
126 1392 240 1442 tamen
254 1374 423 1455 ,orationis
449 1372 635 1467 probabilis
649 1364 906 1464 'quodammodo
925 1372 1026 1442 reddi
1048 1375 1174 1466 potest.

128 1480 215 1547 Tota
237 1479 363 1545 etenim
385 1481 491 1546 oratio
514 1502 554 1546 co
583 1478 798 1571 potissimum
826 1474 949 1559 tendit,
978 1497 1017 1552 ut
1036 1467 1177 1559 rosella,

126 1600 184 1650 tur
220 1581 406 1661 multorum
439 1583 572 1674 opinio,
591 1616 593 1629 ·
610 1583 686 1673 qui
704 1579 903 1673 Philippum
934 1605 1006 1651 non
1029 1584 1176 1655 >iniuriis

124 1686 416 1779 fraudulentisque
456 1686 758 1753 machinationibus
792 1686 973 1776 imperium
1010 1700 1175 1782 appetere

125 1808 291 1879 censeant.
341 1792 501 1858 Extrema
534 1787 656 1857 deinde
698 1789 855 1857 orationis
882 1807 976 1882 parte
999 1811 1111 1860 orator
1134 1796 1175 1863 in

127 1894 399 1988 eos'praescrtim
421 1894 607 1976 invehitur,
638 1895 699 1986 qui
719 1893 875 1986 Philippi
904 1894 1089 1963 'commodis
1116 1898 1174 1966 in-

126 2001 285 2082 serviant,
311 2001 347 2065 in
369 2021 487 2090 pravos
508 1996 719 2090 potissimum
748 2014 782 2065 et
806 1997 1005 2090 perfidiosos
1032 1998 1172 2092 legatos,

127 2121 272 2201 'quorum
294 2103 507 2195 improbitate
529 2126 594 2194 pax
616 2099 754 2193 Olymp.
780 2100 904 2184 CVIII,
927 2126 946 2168 n
969 2103 1055 2171 sacta
1076 2096 1176 2183 tanta

81 2288 83 2293 ¹
126 2208 388 2278 Atheniensibus
411 2207 611 2274 detrimenta
632 2207 841 2274 contraxerit.
887 2206 979 2273 Inter
1011 2229 1068 2274 eos
1088 2231 1172 2285 vcro
1210 2264 1212 2268 ,

125 2314 304 2437 primarias
330 2331 439 2405 partes
469 2313 650 2380 obtinuisse
672 2310 872 2377 Aeschinem
894 2328 1038 2392 constat,
1065 2335 1174 2404 quem

126 2423 239 2512 ipsum
262 2418 422 2510 Pythonis
451 2419 637 2484 orationem
666 2413 833 2482 adiuvasse
859 2414 892 2480 h.
915 2438 963 2483 or.
987 2413 1029 2481 de
1052 2438 1122 2484 eor.
1146 2415 1171 2484 l.

54 2603 57 2610 ἱ
84 2597 85 2602 ἵ
103 2562 105 2569 1
125 2524 368 2591 Demosthenes
390 2522 511 2589 refert:
531 2513 622 2598 ουτος
638 2519 678 2586 δὲ
699 2521 917 2627 συνηγωνίζετο
945 2521 997 2586 nal
1017 2519 1172 2596 τάναντία

126 2629 291 2716 ἐμαρτύρει
313 2634 352 2715 τῇ
374 2631 510 2714 πατρία
577 2689 579 2691 ,

124 2775 127 2781 -
213 2731 357 2810 Verum,
389 2749 426 2796 ut
448 2731 556 2812 omnis
579 2729 740 2802 dubitatio
769 2746 993 2810 removeatur,
1019 2678 1171 2823 reliquas

29 2842 32 2853 '
124 2833 235 2902 adhuc
257 2833 437 2925 legationes
469 2859 554 2927 quae
580 2834 758 2928 posteriori
787 2851 936 2926 tempore
966 2832 1169 2927 aPhilippo

54 2992 56 3003 ,
122 2939 271 3009 Athenas
293 2940 412 3006 missae
434 2941 512 3020 sint,
534 2962 785 3032 persequamur,
807 2954 1012 3007 necesseest.
1058 2939 1170 3022 Quam

21 3121 30 3130 .
123 3047 227 3138 igitur
250 3043 389 3136 Olymp.
422 3042 519 3126 CIX,
554 3068 565 3111 1
599 3042 707 3135 Pytho
738 3042 854 3111 obibat
879 3041 1099 3133 legationem,
1130 3066 1171 3109 ea

124 3149 303 3241 Philippus
324 3148 556 3231 Athenienses,
579 3164 618 3214 ut
638 3144 682 3213 de
705 3148 937 3216 controversiis
951 3165 1064 3215 secum
1086 3169 1170 3214 con-

122 3255 288 3334 venirent,
309 3255 511 3346 provocavit.
557 3252 619 3321 Or.
642 3250 685 3324 de
698 3250 820 3321 Halon.
842 3277 878 3344 p.
900 3255 953 3319 81.
997 3250 1055 3318 Ad
1076 3271 1170 3319 eom·

82 3412 83 3417 η
122 3354 319 3451 ponendam
337 3358 441 3449 igitur
461 3380 598 3426 omnem
613 3353 852 3424 discordiarum
873 3352 1046 3423 materiam
1061 3354 1170 3426 Athe

122 3464 257 3531 nienses
278 3462 441 3554 primum,
471 3477 510 3528 ut
539 3458 762 3553 Amphipolin
789 3461 857 3533 sibi
881 3458 1062 3552 Philippus
1089 3456 1170 3527 red-

123 3566 230 3648 deret,
252 3563 481 3658 postulabant,
513 3563 550 3652 (l.
574 3588 602 3639 c.
624 3589 659 3656 p.
682 3567 742 3647 82,
775 3566 846 3646 83),
875 3581 948 3630 tum
974 3580 1013 3630 ut
1038 3579 1169 3657 ceterae

124 3693 262 3766 quoque
285 3669 447 3736 Graeciae
474 3671 636 3751 civitates,
664 3693 804 3759 magnae
833 3691 1008 3758 parvaene,
1037 3667 1165 3735 etiamsi

121 3799 202 3854 non,
223 3791 336 3850 essent,
367 3775 403 3838 in
430 3797 548 3864 pacem
585 3769 770 3865 foedusque
806 3791 975 3864 receptae,
1015 3790 1049 3839 et
1082 3791 1164 3864 pace

125 3898 237 3958 tamen
261 3896 293 3945 et
314 3877 466 3944 libertate
489 3879 534 3943 ita
555 3876 745 3957 fuerentur,
773 3895 811 3943 ut
832 3878 860 3942 si
884 3875 1018 3969 quando
1041 3878 1079 3942 in
1101 3873 1168 3942 dis-

124 3986 265 4056 crimine
286 3999 506 4061 versarentur,
529 3983 566 4061 ii,
590 3982 782 4071 quiessent
802 3983 894 4073 pacis
916 3981 1098 4073 participes
1120 3978 1169 4046 fa-

90 4137 92 4141 .
125 4090 185 4173 cti,
204 4086 348 4156 liberam
362 4087 526 4164 civitatem
539 4085 578 4159 in
597 4075 793 4176 poteslatem
815 4083 959 4168 alienam
973 4083 1084 4183 redigi
1096 4107 1170 4169 non
