2594 4672
585 271 847 377 ..il-NJ

119 442 342 513 „devicesimu
364 444 431 509 iam
452 441 537 508 belli
560 433 778 534 Peloponnes.
803 465 906 522 auno,
930 439 1067 534 Olymp.
1092 445 1184 527 XCI,

76 555 84 566 ‘
120 552 174 630 ⁶3,
198 546 240 613 ad
263 547 483 614 defectionem
505 547 546 611 ab
568 546 830 623 Atheniensibus
851 561 1017 637 propensa
1027 547 1183 636 Agidem,

136 672 215 720 tum
235 649 397 719 Deceleae
418 668 604 718 versantem
625 650 723 730 adiit,
755 676 773 714 a
800 674 867 741 quo
894 651 961 714 iam
990 667 1063 715 tum
1084 650 1188 721 desti-

140 776 237 824 natus
259 757 426 822 hermesta
449 753 491 819 ad
515 753 714 821 ordinandas
737 752 864 818 insulae
886 777 938 818 res
952 753 1104 843 publicas
1118 753 1187 823 ser-

99 908 100 912 =
140 880 205 928 tur.
251 857 406 950 Thucyd.
428 859 529 939 vlit,
563 861 591 926 5.
637 856 705 924 Sed
734 875 893 948 occupata
921 855 1098 925 demuma
1119 859 1186 945 La-¹

142 953 366 1035 c‘edaemoniis
390 979 437 1029 est
461 961 599 1054 Olymp.
624 963 721 1028 XCll
759 987 785 1026 a.
825 985 834 1026 ι
850 1010 860 1040 ,
895 983 1006 1053 eoque
1032 979 1184 1054 tempore

142 1087 244 1135 status
268 1067 409 1134 civitatis
433 1091 471 1132 ex
493 1068 657 1135 victorum
677 1066 812 1132 arbitrio
828 1066 1032 1132 constitutus.
1074 1066 1182 1134 Thuc.

52 1179 60 1199 “
139 1173 311 1261 V111,95.
741 1229 754 1261 Ι.
813 1261 815 1266 Α
1042 1248 1044 1253 ,

227 1278 439 1367 Tanagra,
463 1299 562 1366 quam
573 1271 804 1342 secundo-loco
820 1273 1062 1340 Demosthenes
1077 1273 1183 1356 affert,

141 1379 307 1473 oppidum
328 1380 482 1446 Boeotiae
506 1397 555 1446 est
586 1379 742 1472 pluribus
767 1377 905 1468 proeliis
920 1371 1074 1458 celebra
1090 1377 1184 1444 haud

139 1484 239 1574 longe
249 1485 290 1550 ab
299 1480 427 1550 htticae
439 1484 562 1550 finibus
574 1480 707 1551 distans.
731 1479 838 1548 Strab.
850 1483 910 1562 IX,
920 1508 954 1572 p.
964 1481 1027 1566 403
1041 1481 1182 1550 casaub.
1198 1508 1207 1528 ²

138 1588 223 1654 Eam
244 1587 336 1654 bello
353 1585 632 1678 Peloponnesiaco
659 1609 734 1651 cum
760 1586 900 1677 reliquis
915 1586 1068 1686 Boeotiae
1087 1585 1184 1652 urbi-

137 1692 201 1757 bus
219 1717 238 1757 a
251 1691 591 1760 Lacedaemoniorum
603 1706 696 1781 parte
713 1686 867 1755 adversus
883 1689 1101 1777 Athenienses
1117 1714 1184 1781 pu·

133 1820 258 1888 *gnasse
281 1812 410 1862 constat
432 1818 472 1858 cx
491 1791 645 1885 Thucyd.
664 1793 729 1870 ΙΙΙ,
751 1816 812 1881 9¹ae
829 1794 889 1873 IV,
911 1796 965 1882 93.
1011 1793 1081 1860 Sed
1095 1817 1183 1887 quae

138 1917 216 1990 post
237 1922 354 1988 pacem
380 1897 500 1962 iactam
530 1898 601 1962 eius
629 1893 777 1963 conditio
800 1896 917 1978 fuerit,
950 1897 1041 1963 haud
1055 1916 1183 1966 *notum

140 2019 198 2067 est.
243 2000 362 2092 Neque
385 1998 553 2092 quomodo
577 2024 659 2080 eam,
682 2001 780 2065 sicuti
803 2017 905 2067 totam
920 2002 1091 2070 Boeotiam
1104 2002 1182 2070 har-

137 2105 252 2171 mostis
276 2121 309 2170 et
329 2104 506 2195 praesidiis
530 2131 549 2171 a
569 2101 840 2170 Lacedaemoniis
863 2103 962 2173 fuisse
985 2124 1182 2198 occupatam

131 2207 381 2275 Demosthenes
396 2232 458 2300 pro
474 2208 609 2275 veritate
628 2207 758 2287 dixerit,
781 2211 857 2275 satis
880 2207 997 2300 liquet.
1023 2211 1180 2287 Etenim

137 2313 312 2378 Boeoticae
335 2313 434 2379 urbes
455 2312 540 2378 belli
560 2311 781 2405 Peloponnes.
805 2313 1020 2406 tempore-ad
1042 2313 1180 2381 concilii
1212 2320 1216 2325 “

136 2416 278 2484 sormam
314 2415 499 2507 foederatae
528 2434 637 2499 eraut,
668 2419 705 2482 in
728 2409 800 2509 'quo
838 2419 1029 2510 principem
1062 2417 1179 2485 locum

138 2521 276 2588 Thebae
303 2521 459 2588 habuisse
486 2521 650 2591 videntur.
708 2523 748 2588 V.
779 2522 924 2588 Kortiim
956 2528 1018 2586 aur
1055 2520 1176 2588 Gesch.

136 2617 262 2693 hellen.
277 2624 461 2692 Staatsverf.
481 2629 517 2715 p.
541 2627 593 2693 86.
638 2627 812 2692 Tittmann
835 2623 1176 2692 GrieclurStaatsver-f.

135 2752 170 2819 p.
193 2728 270 2817 694.
316 2727 384 2794 Sed
406 2729 578 2794 Thebanis
608 2730 708 2796 totius
738 2729 891 2796 Boeotiae
921 2729 1102 2820 imperium
1128 2727 1177 2794 af-

55 2857 65 2873 *
117 2823 351 2914 lactantibus,
386 2834 545 2918 continua
574 2833 638 2900 hos
665 2834 760 2919 ,inter
792 2851 827 2903 et
854 2834 1012 2900 tenuioris
1047 2830 1176 2899 ordinis

137 2937 235 3003 urbes
258 2935 403 3033 simultas
431 2934 674 3018 intercedebat,
696 2937 747 3004 ad
768 2962 822 3005 eos
850 2942 983 3028 semper
1010 2935 1177 3023 incliuau-

136 3056 203 3121 tes,
233 3050 337 3134 penes
368 3065 451 3133 quos
481 3043 689 3133 principatus
725 3042 885 3108 Graeciae
920 3057 999 3107 erat.
1057 3041 1175 3132 anue

134 3148 332 3235 praesertim
353 3145 467 3238 paullo
483 3164 559 3213 aute
572 3147 781 3213 Leuctricam
797 3170 944 3238 pugnam
961 3145 1073 3238 gravia
1085 3145 1175 3227 The·

134 3248 298 3314 banorum
321 3273 398 3316 cum
425 3253 543 3318 ceteris
571 3252 727 3320 Boeotiae
755 3249 952 3317 civitatibus*
971 3248 1063 3315 bella
1086 3250 1176 3315 exci-

134 3354 215 3433 tavit
237 3353 279 3440 (v.
300 3353 390 3420 iufra
411 3380 462 3421 nr.
487 3357 539 3443 5),
568 3378 633 3446 qno
664 3372 825 3446 tempore>
847 3352 1104 3420 Lacedaemonii
1135 3377 1173 3419 re

67 3531 71 3541 .
134 3479 209 3521 vera
231 3455 404 3563 hermestis
428 3476 460 3524 et
491 3457 665 3548 praesidiis
687 3457 863 3551 plerasque
890 3459 1045 3524 Boeotiae
1073 3457 1171 3524 urbes

133 3556 340 3626 obtinebant.
392 3563 547 3653 Xenoph.
579 3561 669 3632 Heli.
696 3563 745 3643 V,
777 3587 803 3627 c.
836 3561 866 3645 4.
920 3561 1173 3629 Similiautem

131 3660 232 3732 modu
257 3681 289 3728 et
316 3665 427 3755 statim
457 3683 533 3756 post
563 3665 691 3732 bellum
718 3666 1043 3758 Peloponnesiacum
1069 3668 1173 3732 Lace-

131 3764 337 3834 daemonios*
356 3769 547 3861 principatu
576 3793 637 3838 suo
672 3772 709 3836 in
741 3771 876 3865 Boeotia
916 3794 991 3836 usos
1026 3794 1095 3834 esse
1133 3793 1172 3838 eo

129 3871 234 3963 magis
258 3890 517 3945 cousentaneum
543 3891 601 3954 est,
623 3874 718 3967 quod
739 3876 775 3939 in
791 3876 863 3965 ipso
886 3875 954 3940 iam
975 3873 1060 3940 belli
1080 3872 1172 3940 illius
1207 3874 1210 3877 ’

130 3975 198 4041 fine
219 3975 371 4044 Thebani
394 4000 510 4044 eorum
537 3980 760 4070 suspicionem
783 3994 1038 4046 commoverant.
1083 3979 1170 4045 Xen.

92 4157 94 4161 Ι
129 4077 409 4165 l.c.111‚5,5.
455 4079 614 4150 Ceterum
642 4083 982 4153 Lacedaemoniorum
1007 4100 1084 4175 post
1111 4104 1173 4175 op-
