2594 4672
559 255 717 357 geg

192 426 324 511 ¹Quum
353 424 444 488 enim
475 420 648 488 decretum
675 418 763 484 illud
783 440 919 509 prorsus
938 436 1110 508 repugnet
1129 439 1167 488 et

121 527 223 594 relius
245 524 385 616 Olymp.
408 524 532 605 cvm,
554 547 575 588 2
596 524 686 588 inter
703 525 797 613 pacis
818 545 896 586 eum
916 519 1082 610 Philippo
1103 546 1167 612 pa·

122 630 269 696 ctionem
300 628 398 720 gestis
427 641 462 692 et
490 648 607 690 rerum
633 625 855 715 temporibus,
890 619 1065 712 reliquum
1102 642 1166 704 est,

121 748 162 798 ut
181 728 225 797 ad
244 727 346 795 aliam
366 752 485 820 paoem
503 728 682 807 referam,
710 745 745 792 et
764 728 832 792 nisi
852 724 896 791 ad
921 725 1028 806 hanc,
1060 751 1169 818 quam

121 832 226 901 modo
248 830 506 924 exploravimus,
535 849 613 924 post
639 832 839 922 Byzantium
864 828 1046 895 liberatum
1073 855 1171 898 oom-

125 938 292 1029 positam,
329 933 374 999 ad
400 957 520 1024 pacem
549 959 622 1000 eam
655 931 884 1014 solummodo,
913 957 1000 1025 quse
1033 932 1172 1002 cladem

125 1039 394 1107 Chaeronensem
415 1038 588 1103 subsecuta
610 1057 668 1104 est
712 1036 767 1103 Ad
788 1042 1089 1129 quamquominus
1111 1063 1170 1105 re-

126 1143 270 1220 seratur,
301 1165 356 1207 res
385 1139 522 1233 quidem
548 1144 660 1207 minus
693 1142 835 1208 obstant
887 1136 1024 1206 Dicitur
1044 1144 1086 1207 in
1108 1143 1172 1210 de-

126 1263 217 1314 creto
246 1243 423 1337 Philippus
449 1269 568 1337 pacem
593 1245 707 1312 secisse
737 1247 845 1311 missis
872 1242 916 1310 ad
941 1245 1171 1314 Athenienses

126 1350 251 1440 legatis.
296 1349 380 1416 ltem
406 1367 573 1441 reportata
593 1348 637 1414 ad
665 1349 894 1416 Chaeroneam
922 1350 1064 1415 victoria
1086 1352 1173 1417 Phi-

127 1453 261 1544 lippum
289 1477 309 1518 a
343 1452 493 1519 Demade
519 1455 558 1518 in
587 1478 701 1544 pugna
727 1470 825 1545 capto
858 1452 941 1521 adeo
973 1455 1173 1544 mitigatum

127 1579 197 1621 esse
220 1555 389 1623 Diodorus
410 1556 514 1624 refert
534 1557 643 1647 (xvl,
665 1560 733 1647 87),
756 1574 794 1621 ut
813 1581 931 1649 pacem
951 1554 1040 1625 ultro
1061 1560 1173 1627 Athe-

126 1660 300 1725 niensibus
329 1658 496 1727 obtulerit
555 1661 763 1752 Quamquam
804 1685 842 1725 ea
870 1685 923 1727 res
949 1659 1173 1752 aliquatenus

128 1780 178 1829 est
197 1762 399 1831 dubitationi
421 1765 571 1831 obnoxia.
617 1765 736 1854 Neque
769 1766 860 1830 enim
887 1766 964 1831 satis
992 1790 1013 1829 a
1031 1767 1173 1836 'Demo-

127 1867 245 1935 sthene
266 1866 499 1949 confirmatur,
529 1870 588 1959 qui
615 1867 797 1933 Demadem
828 1868 965 1934 nonnisi
993 1874 1086 1960 pacis
1110 1897 1172 1937 au-

128 1989 255 2038 ctorem
280 1971 405 2036 factum
434 1971 517 2036 dicit
538 1969 596 2058 (de
626 1995 694 2038 cor.
721 1997 756 2064 p.
779 1975 870 2055 320),
898 1994 1012 2063 neque
1040 1997 1060 2037 a
1085 1974 1172 2040 Plu-

129 2075 260 2154 tarcho,
291 2075 352 2165 qui
380 2072 565 2140 Demadem
601 2073 752 2141 decresse
780 2077 842 2156 ait,
876 2093 914 2140 ut
945 2077 1167 2144 Athenienses

133 2177 177 2246 ad
204 2178 296 2270 pacis
326 2180 512 2244 communis
547 2179 753 2272 conciliique
788 2205 807 2243 a
845 2177 981 2245 Graecis
1019 2181 1169 2250 hahendi

133 2283 326 2350 societatem
359 2280 555 2349 accederent
596 2282 712 2372 (Phoc.
735 2307 763 2349 c.
792 2284 855 2373 16).
899 2284 1089 2352 Dinarchus
1110 2286 1174 2352 de-

130 2386 235 2477 nique
257 2411 276 2450 a
300 2384 452 2454 Diodoro
482 2409 616 2479 prorsus
647 2386 814 2467 dissentit,
837 2385 1007 2454 decretum
1028 2389 1173 2457 afferens

132 2488 368 2558 Demosthenis
398 2508 474 2586 post
503 2488 632 2560 cladem
666 2491 933 2559 Chaeronensem
953 2492 1076 2575 latum,
1100 2519 1172 2586 quo

218 2764 363 2846 cupabar,
392 2789 408 2825 a
438 2788 469 2827 se
489 2770 640 2851 scriptam,
673 2784 702 2827 et
729 2771 807 2851 typis
841 2771 895 2830 iam
925 2790 1070 2830 excussam
1100 2774 1174 2853 qui·

219 2850 298 2928 dem,
335 2853 462 2913 nondum
489 2872 582 2934 tamen
610 2855 639 2912 in
667 2856 769 2937 vulgus
799 2855 916 2932 editam,
942 2858 1076 2938 privatim
1107 2880 1173 2917 me-

218 2960 283 2999 eum
305 2941 407 3022 insigni
429 2962 479 3000 sua
501 2963 568 3023 erga
589 2962 634 2999 me
656 2941 826 3002 humanitate
837 2944 1061 3002 communicavit.
1107 2945 1172 3004 Sed

219 3022 363 3108 singulare
384 3028 440 3088 hoc
462 3029 515 3087 viri
537 3029 645 3109 egregii
666 3027 776 3087 honum
797 3046 858 3090 tum
879 3029 993 3089 demum
1006 3031 1075 3089 mihi
1098 3053 1174 3090 cou-

220 3115 292 3196 tigit,
315 3136 405 3197 quum
435 3130 533 3174 octava
565 3117 619 3173 iam
652 3117 916 3176 commentariorum
941 3138 1072 3176 meorum
1104 3119 1173 3199 pla-

220 3200 287 3280 gula
306 3202 391 3282 prelo
413 3202 540 3263 subiecta
562 3218 631 3281 erat,
652 3223 706 3262 nec
726 3204 871 3262 retractari
892 3205 947 3262 iam
968 3219 1104 3284 poterant
1126 3226 1172 3282 ea,

220 3285 328 3366 quibus
349 3287 527 3347 difficultates
548 3290 578 3348 in
600 3288 716 3349 decreto
739 3289 788 3347 illo
810 3289 927 3370 positas,
950 3291 1026 3370 ipsas
1048 3290 1173 3371 quidem

220 3387 349 3432 accurate
382 3391 563 3455 perspectas,
599 3396 747 3436 removere
780 3390 873 3434 tamen
905 3375 1045 3435 infelicius
1081 3399 1173 3459 supra

221 3472 401 3518 tentaveram.
451 3460 538 3519 Plura
571 3460 608 3520 de
635 3462 869 3521 commentatione
899 3463 968 3538 hac,
997 3484 1072 3544 quae
1103 3486 1173 3523 cum

221 3542 272 3602 hac
293 3560 388 3603 nostra
411 3547 504 3627 opella
527 3567 703 3608 communem
731 3546 873 3631 quandam
899 3551 1042 3608 materiam
1071 3549 1172 3626 hahet,

119 3631 121 3636 ’
223 3649 298 3690 nune
320 3628 416 3692 dicere
440 3632 516 3708 nolo,
538 3655 574 3692 ne
597 3636 626 3695 in
647 3634 753 3709 rebuS,
786 3655 861 3716 quae
883 3657 959 3695 nunc
981 3636 1172 3716 exponendae

222 3730 296 3791 sunt,
318 3716 393 3775 iusto
415 3719 528 3800 longius
550 3719 686 3781 detinear.
737 3720 924 3782 Commodior
946 3723 1021 3780 enim
1043 3723 1073 3780 in
1095 3725 1173 3805 Epi-

221 3803 297 3884 logo,
310 3804 401 3862 nostri
423 3796 500 3863 tibri'
518 3806 598 3866 locus
626 3808 681 3866 erit
709 3822 738 3867 et
770 3808 807 3866 ad
828 3806 1005 3872 retractanda
1027 3830 1069 3884 ea,
1094 3818 1183 3892 quae'

222 3888 259 3949 de
282 3888 400 3949 decreto
421 3890 470 3949 illo
494 3893 522 3950 in
544 3893 742 3974 superioribus
764 3893 916 3976 disputavi,
941 3910 970 3954 et
992 3895 1015 3954 si
1038 3919 1097 3976 qua
1118 3897 1173 3955 alia

222 3991 301 4050 sunt,
331 3990 395 4035 sunt
423 3992 515 4036 autem
538 3979 686 4056 nonnulla,
714 3979 751 4040 de
780 3981 888 4064 quibus
915 3983 1013 4063 opinio
1030 4004 1100 4042 mea
1122 3998 1172 4044 aut

221 4077 347 4154 correcta
368 4084 383 4121 a
402 4063 549 4126 ‘Boeclthio
571 4060 622 4144 sit,
638 4081 691 4137 aut
708 4068 877 4132 confirmata.
