2594 4672
566 267 722 373 ..a-os-

125 436 255 529 Magnis
285 435 524 502 Panathenaeis
558 455 591 504 et
627 438 798 530 Dionysiis
828 439 994 526 (urbanis)
1032 437 1165 528 praedi-

126 538 242 606 canda.
302 539 464 630 Dionysia
486 541 647 634 cuiusque
680 543 760 608 anni
792 540 1070 633 Elaphebolione,
1104 544 1166 606 Pa-

97 632 100 646 ⁴
124 644 310 710 nathenaea
340 644 463 734 Magna
491 667 579 711 anno
619 668 754 737 quoque
791 646 1034 737 Olympiadum
1067 647 1163 712 tertio

123 769 237 813 mense
275 746 562 814 Hecatombaeone
595 749 784 838 agebantur.
848 747 947 814 Unde
992 749 1165 814 decretum

124 867 306 940 utrumque
339 848 381 915 ad
395 846 689 923 Buedromionem
719 845 872 912 secundi·
887 845 967 909 anni
991 840 1164 934 Olympici

125 973 195 1016 esse
224 947 436 1012 referendum
463 963 563 1038 patet.
616 947 685 1012 lam
712 970 791 1015 vero
826 948 862 1012 in
890 948 997 1038 primi
1030 945 1163 1014 decreto

125 1073 249 1118 corona
279 1045 469 1114 decernitm·
498 1048 658 1128 Nausicli,
689 1056 733 1139 τῷ
756 1053 888 1116 ἐπὶτῶν
916 1051 1034 1130 ὅπλων,
1060 1049 1162 1140 quod,

126 1178 232 1245 quum
254 1152 511 1217 Atheniensium
536 1122 588 1217 his
617 1148 711 1217 mille
740 1151 891 1244 hoplitae·
918 1156 955 1218 in
978 1153 1090 1220 Imbro
1114 1177 1164 1218 es-

126 1273 211 1335 sent,
233 1254 424 1344 ferre‘ntque
446 1251 607 1320 auxilium
631 1253 889 1322 Atheniensibus
920 1255 1045 1345 insulae
1065 1256 1164 1321 huius
1253 1295 1258 1308 ν

106 1357 264 1437 eolonis,
287 1357 339 1423 his
362 1359 405 1422 sit
426 1354 469 1422 de
490 1359 629 1448 proprio
659 1358 823 1449 stipendia
850 1357 1004 1448 largitus3
1035 1360 1071 1423 in
1100 1381 1163 1449 po-

126 1462 256 1546 steriori
285 1458 485 1546 Charidemo
515 1478 548 1527 et
575 1461 744 1542 Diotimo,
777 1463 869 1553 quod
895 1465 931 1527 in
955 1460 1162 1553 expeditione

126 1564 332 1631 Salaminem
360 1565 476 1644 missa,
506 1589 612 1656 quum
642 1565 798 1642 nonnulli
828 1565 952 1632 milites
982 1568 1019 1629 in
1050 1553 1179 1657 pugna-⁸

126 1669 169 1735 ad
191 1669 329 1735 fluvium
352 1665 486 1760 spoliati
501 1668 549 1733 ab
570 1668 718 1734 hostibus
741 1688 863 1750 essent,
886 1672 953 1736 suis
975 1669 1162 1759 sumptibus

124 1776 259 1839 iuvenes
294 1772 493 1864 octingentis
524 1770 648 1864 clypeis
675 1773 900 1840 instruxerint.
953 1773 1043 1845 Haec
1067 1796 1163 1862 expe·

124 1877 205 1945 ditio
234 1877 433 1957 Salaminia,
465 1894 570 1967 quum
599 1875 731 1943 decreta
762 1877 880 1943 eodem
910 1899 1023 1941 mense
1046 1893 1079 1940 et
1106 1871 1160 1939 die

123 1983 189 2048 lata
212 1984 286 2063 sint,
310 1982 403 2048 brevi
426 1981 584 2072 temporis
606 1983 712 2071 spatio
743 1998 819 2074 post
839 1979 930 2047 illam
953 1980 988 2044 in
1012 1979 1162 2044 Imbrum
1231 2000 1233 2006 ·

81 2107 82 2112 ’
124 2084 284 2152 acciderit
305 2107 439 2150 necesse
462 2101 520 2163 est,
544 2108 631 2151 anno
655 2095 766 2150 tamen
788 2084 929 2162 diverso,
954 2082 1044 2174 quod
1066 2081 1161 2146 alteri

124 2188 308 2267 Nausicles,
331 2185 348 2250 ὃ
371 2189 493 2253 ἐπὶτῶν
514 2187 627 2267 ὅπλων,
649 2189 803 2276 praefuit,
819 2187 916 2253 alteri
929 2185 1160 2266 Charidemus,

123 2295 205 2359 item
226 2292 273 2356 ἐπὶ
296 2297 358 2357 τῶν
380 2289 484 2356 ὅπλων
505 2291 688 2376 στρατηγός.
705 2299 714 2351 ’.
1021 2275 1035 2310 ³

213 2395 327 2488 Itaque
351 2395 498 2485 quaestio
520 2395 587 2459 iam
608 2392 696 2460 redit
717 2394 760 2460 ad
782 2394 1005 2485 expeditiones
1028 2392 1101 2459 illas
1124 2395 1175 2458 in.
1235 2429 1237 2432 ·

126 2499 276 2567 Imbrum
299 2517 331 2564 et
354 2495 565 2562 Salaminem.
612 2499 763 2576 Imbrum
791 2498 1035 2588 Demosthenea
1058 2515 1168 2563 aetate·
1192 2509 1193 2516 ’

123 2597 190 2668 una
220 2627 297 2669 eum
325 2603 452 2668 Lemno
482 2599 620 2692 'aliisque
658 2600 748 2668 illius
780 2603 925 2696 regionis
958 2588 1075 2667 insulis
1108 2601 1160 2666 bis

125 2708 321 2774 devastatam
351 2706 518 2785 novimus,
549 2704 605 2769 Ol.
637 2705 729 2786 CVI,
764 2731 775 2772 1
809 2733 828 2771 a
855 2708 953 2773 sociis
975 2703 1161 2780 rebellibus
1251 2720 1253 2728 ’

124 2807 310 2889 secundum
338 2808 479 2875 Diodor.
512 2809 621 2890 XVI,
644 2833 702 2891 21,
737 2809 860 2877 deinde
884 2810 938 2876 Ol.
963 2811 1057 2890 CVI,
1081 2814 1120 2898 il,
1142 2837 1161 2876 a

124 2913 284 3006 Philippo
313 2912 497 3004 secundum
524 2911 806 2983 DemosthPhil.
830 2915 854 2981 I.
876 2940 910 3005 p.
935 2916 989 3004 49.
1040 2915 1082 3001 V.
1106 2941 1161 2981 su·
1237 2940 1241 2947 ·

124 3043 189 3110 pra
211 3019 237 3096 I,
259 3039 291 3104 9,
314 3043 347 3109 p.
373 3020 423 3104 59.
469 3018 510 3083 In
532 3015 713 3083 Salaminia
736 3017 947 3108 expeditione
969 3018 1165 3107 ambiguum
1198 3013 1202 3019 ⁴

87 3192 89 3197 ,
126 3138 185 3201 est,
209 3119 347 3186 Salamis
370 3122 523 3186 Atticane
544 3119 747 3212 intelligatur
768 3145 811 3186 an
838 3121 971 3211 Cypria.
1017 3124 1168 3200 Atticam
1243 3171 1251 3188 „

126 3224 332 3293 Salaminem
355 3242 459 3291 aetate
480 3225 723 3293 Demosthenes
750 3226 976 3316 impugnatam
1005 3249 1073 3292 esse
1102 3241 1173 3326 qui
1270 3297 1272 3302 ,

215 3543 296 3624 quod
329 3543 401 3601 illud
430 3544 517 3615 latum
545 3545 579 3602 sit
605 3536 720 3624 γνώμῃ
737 3543 854 3619 floride
881 3541 931 3602 καὶ
962 3538 1063 3625 δήμου

215 3624 391 3710 πρυνάνεων
412 3623 562 3709 λεγόντων
582 3630 697 3707 βουλῆς
717 3623 840 3712 γνώμῃ..
879 3631 939 3689 Sed
953 3631 1100 3710 =formnli3

194 3717 357 3798 ,explicatu
379 3739 445 3776 sane
467 3716 684 3795 difficilioribus,
705 3718 745 3775 nil
767 3719 953 3799 significatur,
974 3720 1031 3779 uisi
1080 3760 1107 3807 e
1220 3770 1241 3796 ,

215 3803 252 3862 ab
274 3825 332 3862 uno
356 3803 475 3884 quidem
497 3802 659 3884 eodemque
681 3801 794 3864 homine
818 3826 878 3864 esse
898 3807 1066 3889 conscripta
1107 3775 1167 3841 ἢ

217 3887 309 3949 tamen
337 3891 391 3947 lata
427 3891 482 3949 sint
511 3891 620 3949 ratione
651 3890 777 3967 diversa,
809 3891 840 3950 id
868 3891 951 3973 quod
970 3891 1049 3960 nihil
1068 3866 1084 3903 ⁵
1102 3938 1107 3947 .
1122 3878 1169 3973 Ὶ

217 3972 372 4058 quominus
401 3991 556 4059 utrumque
584 3977 666 4035 simul
693 3979 781 4037 latum
808 3993 969 4038 statuamus.
1024 3944 1155 4053 Vn,

217 4065 304 4146 paulo
327 4057 445 4124 inferius
467 4063 504 4125 de
526 4063 656 4126 formulis
677 4064 731 4126 illis
754 4063 971 4150 disputabimus.
1075 4050 1092 4073 ⁸
1143 4062 1177 4128 ‘a

1166 3688 1185 3711 ἱ.
