<?xml version="1.0" encoding="UTF-8"?>
<!DOCTYPE html PUBLIC "-//W3C//DTD XHTML 1.0 Transitional//EN"
    "http://www.w3.org/TR/xhtml1/DTD/xhtml1-transitional.dtd">
<html xmlns="http://www.w3.org/1999/xhtml" xml:lang="en" lang="en">
 <head>
  <title>
</title>
<meta http-equiv="Content-Type" content="text/html;charset=utf-8" />
  <meta name='ocr-system' content='tesseract 3.04.00' />
  <meta name='ocr-capabilities' content='ocr_page ocr_carea ocr_par ocr_line ocrx_word'/>
</head>
<body>
  <div class='ocr_page' id='page_1' title='image "./commentariihist00wiengoog_0131.png"; bbox 0 0 2594 4672; ppageno 0'>
   <div class='ocr_carea' id='block_1_1' title="bbox 682 261 746 330">
    <p class='ocr_par' dir='ltr' id='par_1_1' title="bbox 682 261 746 330">
     <span class='ocr_line' id='line_1_1' title="bbox 682 261 746 330; baseline 0.031 -2"><span class='ocrx_word' id='word_1_1' title='bbox 682 261 746 330; x_wconf 83' lang='lat'><strong>108</strong></span> 
     </span>
    </p>
   </div>
   <div class='ocr_carea' id='block_1_2' title="bbox 86 430 1278 3856">
    <p class='ocr_par' dir='ltr' id='par_1_2' title="bbox 86 430 1278 1643">
     <span class='ocr_line' id='line_1_2' title="bbox 193 430 1239 564; baseline 0.004 -62"><span class='ocrx_word' id='word_1_2' title='bbox 193 435 264 564; x_wconf 76' lang='grc' dir='ltr'><strong>περὶ</strong></span> <span class='ocrx_word' id='word_1_3' title='bbox 272 431 367 533; x_wconf 74' lang='grc' dir='ltr'><strong>[τῶν</strong></span> <span class='ocrx_word' id='word_1_4' title='bbox 383 430 522 523; x_wconf 86' lang='grc' dir='ltr'><strong><em>χρδνων]</em></strong></span> <span class='ocrx_word' id='word_1_5' title='bbox 546 430 622 498; x_wconf 76' lang='grc' dir='ltr'><strong>’δ”</strong></span> <span class='ocrx_word' id='word_1_6' title='bbox 601 458 641 499; x_wconf 91' lang='grc' dir='ltr'><strong>αν</strong></span> <span class='ocrx_word' id='word_1_7' title='bbox 661 456 709 510; x_wconf 82' lang='grc' dir='ltr'><strong>τις</strong></span> <span class='ocrx_word' id='word_1_8' title='bbox 734 431 876 521; x_wconf 61' lang='lat' dir='ltr'><strong>Anatim</strong></span> <span class='ocrx_word' id='word_1_9' title='bbox 898 431 1032 516; x_wconf 68' lang='grc' dir='ltr'><strong>τούτων,</strong></span> <span class='ocrx_word' id='word_1_10' title='bbox 1064 434 1126 514; x_wconf 85' lang='lat' dir='ltr'><strong>ait,</strong></span> <span class='ocrx_word' id='word_1_11' title='bbox 1160 434 1239 506; x_wconf 77' lang='lat' dir='ltr'><strong>Am-</strong></span> 
     </span>
     <span class='ocr_line' id='line_1_3' title="bbox 192 533 1238 629; baseline 0.003 -22"><span class='ocrx_word' id='word_1_12' title='bbox 192 537 271 617; x_wconf 80' lang='grc' dir='ltr'><strong><em>στὰς</em></strong></span> <span class='ocrx_word' id='word_1_13' title='bbox 292 536 330 604; x_wconf 76' lang='grc' dir='ltr'><strong>ἓν</strong></span> <span class='ocrx_word' id='word_1_14' title='bbox 350 541 402 625; x_wconf 80' lang='grc' dir='ltr'><strong>τῷ</strong></span> <span class='ocrx_word' id='word_1_15' title='bbox 423 537 497 623; x_wconf 78' lang='grc' dir='ltr'><strong>έμῶ</strong></span> <span class='ocrx_word' id='word_1_16' title='bbox 518 534 632 603; x_wconf 72' lang='lat' dir='ltr'><strong>trau</strong></span> <span class='ocrx_word' id='word_1_17' title='bbox 654 533 785 620; x_wconf 76' lang='grc' dir='ltr'><strong>εἰπάτω,</strong></span> <span class='ocrx_word' id='word_1_18' title='bbox 808 535 898 603; x_wconf 88' lang='lat' dir='ltr'><strong>nihil</strong></span> <span class='ocrx_word' id='word_1_19' title='bbox 920 554 1032 604; x_wconf 85' lang='lat' dir='ltr'><strong>tamen</strong></span> <span class='ocrx_word' id='word_1_20' title='bbox 1049 538 1238 629; x_wconf 76' lang='lat' dir='ltr'>Aeschines</span> 
     </span>
     <span class='ocr_line' id='line_1_4' title="bbox 192 636 1237 751; baseline 0.006 -43"><span class='ocrx_word' id='word_1_21' title='bbox 192 640 235 708; x_wconf 86' lang='lat' dir='ltr'><strong>ad</strong></span> <span class='ocrx_word' id='word_1_22' title='bbox 257 639 539 751; x_wconf 88' lang='lat' dir='ltr'><strong>computationem</strong></span> <span class='ocrx_word' id='word_1_23' title='bbox 566 636 663 705; x_wconf 88' lang='lat' dir='ltr'><strong>illam</strong></span> <span class='ocrx_word' id='word_1_24' title='bbox 682 637 881 732; x_wconf 82' lang='lat' dir='ltr'><strong>respondet,</strong></span> <span class='ocrx_word' id='word_1_25' title='bbox 912 657 946 709; x_wconf 90' lang='lat' dir='ltr'><strong>et</strong></span> <span class='ocrx_word' id='word_1_26' title='bbox 974 642 1102 708; x_wconf 87' lang='lat' dir='ltr'><strong>etiamsi</strong></span> <span class='ocrx_word' id='word_1_27' title='bbox 1130 642 1237 714; x_wconf 83' lang='lat' dir='ltr'><strong>dicat:</strong></span> 
     </span>
     <span class='ocr_line' id='line_1_5' title="bbox 189 709 1240 832; baseline 0.001 -20"><span class='ocrx_word' id='word_1_28' title='bbox 189 746 240 812; x_wconf 77' lang='grc' dir='ltr'><strong>καὶ</strong></span> <span class='ocrx_word' id='word_1_29' title='bbox 267 709 416 828; x_wconf 72' lang='lat' dir='ltr'><strong>Aoyiepdv</strong></span> <span class='ocrx_word' id='word_1_30' title='bbox 442 767 512 808; x_wconf 83' lang='grc' dir='ltr'><strong><em>τινα</em></strong></span> <span class='ocrx_word' id='word_1_31' title='bbox 540 738 666 830; x_wconf 69' lang='grc' dir='ltr'><strong><em>ἡμερῶν</em></strong></span> <span class='ocrx_word' id='word_1_32' title='bbox 698 749 921 831; x_wconf 68' lang='grc' dir='ltr'><strong>συνηριθμεῖτο</strong></span> <span class='ocrx_word' id='word_1_33' title='bbox 957 741 1088 832; x_wconf 68' lang='grc' dir='ltr'><strong>πρὸςι</strong></span> <span class='ocrx_word' id='word_1_34' title='bbox 1069 753 1172 832; x_wconf 79' lang='grc' dir='ltr'><strong><em>υμᾶς,</em></strong></span> <span class='ocrx_word' id='word_1_35' title='bbox 1206 752 1240 819; x_wconf 72' lang='grc' dir='ltr'><strong>ἐν</strong></span> 
     </span>
     <span class='ocr_line' id='line_1_6' title="bbox 188 843 1278 935; baseline 0.004 -21.007"><span class='ocrx_word' id='word_1_36' title='bbox 188 843 276 925; x_wconf 83' lang='grc' dir='ltr'><strong><em>αἴςέ</em></strong></span> <span class='ocrx_word' id='word_1_37' title='bbox 276 846 321 933; x_wconf 78' lang='grc' dir='ltr'><strong>γὼ</strong></span> <span class='ocrx_word' id='word_1_38' title='bbox 341 847 399 930; x_wconf 81' lang='grc' dir='ltr'><strong>μέν</strong></span> <span class='ocrx_word' id='word_1_39' title='bbox 425 844 616 931; x_wconf 77' lang='grc' dir='ltr'><strong><em>ἀπήγγελλον</em></strong></span> <span class='ocrx_word' id='word_1_40' title='bbox 649 845 708 932; x_wconf 81' lang='grc' dir='ltr'><strong>τὴν</strong></span> <span class='ocrx_word' id='word_1_41' title='bbox 738 849 921 935; x_wconf 76' lang='grc' dir='ltr'><strong><em>πρεσβείαν,</em></strong></span> <span class='ocrx_word' id='word_1_42' title='bbox 953 847 1026 916; x_wconf 83' lang='lat' dir='ltr'><strong>ott</strong></span> <span class='ocrx_word' id='word_1_43' title='bbox 1025 850 1239 922; x_wconf 76' lang='grc' dir='ltr'><strong><em>δΦαλαέκοσ</em></strong></span> <span class='ocrx_word' id='word_1_44' title='bbox 1271 866 1278 909; x_wconf 84' lang='lat' dir='ltr'><strong>t</strong></span> 
     </span>
     <span class='ocr_line' id='line_1_7' title="bbox 189 932 1236 1075; baseline 0.004 -57"><span class='ocrx_word' id='word_1_45' title='bbox 189 958 246 1018; x_wconf 77' lang='grc' dir='ltr'><strong>τοῦ</strong></span> <span class='ocrx_word' id='word_1_46' title='bbox 272 932 407 1018; x_wconf 80' lang='grc' dir='ltr'><strong><em>Φωκέων</em></strong></span> <span class='ocrx_word' id='word_1_47' title='bbox 428 949 581 1075; x_wconf 78' lang='grc' dir='ltr'><strong><em>τυράννου</em></strong></span> <span class='ocrx_word' id='word_1_48' title='bbox 602 948 833 1036; x_wconf 77' lang='grc' dir='ltr'><strong><em>δρομοκήρυκες</em></strong></span> <span class='ocrx_word' id='word_1_49' title='bbox 858 946 1011 1019; x_wconf 69' lang='grc' dir='ltr'><strong><em>τάνθένδε</em></strong></span> <span class='ocrx_word' id='word_1_50' title='bbox 1032 955 1126 1021; x_wconf 80' lang='grc' dir='ltr'><strong><em>έκεῖσε</em></strong></span> <span class='ocrx_word' id='word_1_51' title='bbox 1149 955 1236 1043; x_wconf 75' lang='grc' dir='ltr'><strong>διηγ</strong></span> 
     </span>
     <span class='ocr_line' id='line_1_8' title="bbox 188 1050 1234 1181; baseline 0.006 -60"><span class='ocrx_word' id='word_1_52' title='bbox 188 1060 311 1142; x_wconf 78' lang='grc' dir='ltr'><strong>γελλον,</strong></span> <span class='ocrx_word' id='word_1_53' title='bbox 342 1050 560 1128; x_wconf 73' lang='grc' dir='ltr'><strong><em>πιστεύσαντες</em></strong></span> <span class='ocrx_word' id='word_1_54' title='bbox 581 1051 667 1119; x_wconf 67' lang='lat' dir='ltr'>AA‘</span> <span class='ocrx_word' id='word_1_55' title='bbox 636 1078 666 1118; x_wconf 84' lang='grc' dir='ltr'><strong>οι</strong></span> <span class='ocrx_word' id='word_1_56' title='bbox 691 1057 809 1143; x_wconf 77' lang='grc' dir='ltr'><strong><em>Φωκεῖς</em></strong></span> <span class='ocrx_word' id='word_1_57' title='bbox 836 1055 904 1181; x_wconf 69' lang='lat' dir='ltr'><strong>Apol</strong></span> <span class='ocrx_word' id='word_1_58' title='bbox 940 1054 1014 1122; x_wconf 80' lang='lat' dir='ltr'><strong>si&#39;uut</strong></span> <span class='ocrx_word' id='word_1_59' title='bbox 1034 1060 1167 1124; x_wconf 77' lang='grc' dir='ltr'><strong><em>Πυλῶν</em></strong></span> <span class='ocrx_word' id='word_1_60' title='bbox 1180 1059 1234 1127; x_wconf 83' lang='lat' dir='ltr'><strong>uA-</strong></span> 
     </span>
     <span class='ocr_line' id='line_1_9' title="bbox 142 1153 1234 1248; baseline 0.005 -23"><span class='ocrx_word' id='word_1_61' title='bbox 142 1189 150 1210; x_wconf 61' lang='lat'><em>1</em></span> <span class='ocrx_word' id='word_1_62' title='bbox 188 1157 245 1226; x_wconf 85' lang='grc' dir='ltr'><strong>τδν</strong></span> <span class='ocrx_word' id='word_1_63' title='bbox 273 1156 499 1245; x_wconf 78' lang='grc' dir='ltr'><strong><em>παρεδέξαντο,</em></strong></span> <span class='ocrx_word' id='word_1_64' title='bbox 530 1157 581 1224; x_wconf 76' lang='grc' dir='ltr'><strong>καὶ</strong></span> <span class='ocrx_word' id='word_1_65' title='bbox 609 1157 669 1234; x_wconf 78' lang='grc' dir='ltr'><strong>τὰς</strong></span> <span class='ocrx_word' id='word_1_66' title='bbox 695 1155 799 1234; x_wconf 83' lang='grc' dir='ltr'><strong><em>πόλεις</em></strong></span> <span class='ocrx_word' id='word_1_67' title='bbox 829 1155 888 1232; x_wconf 82' lang='grc' dir='ltr'><strong>τὰς</strong></span> <span class='ocrx_word' id='word_1_68' title='bbox 918 1153 1024 1225; x_wconf 69' lang='grc' dir='ltr'><strong><em>αὑτῶν</em></strong></span> <span class='ocrx_word' id='word_1_69' title='bbox 1054 1161 1234 1248; x_wconf 84' lang='grc' dir='ltr'><strong><em>παρέδοσαν</em></strong></span> 
     </span>
     <span class='ocr_line' id='line_1_10' title="bbox 190 1256 1270 1354; baseline 0.006 -25"><span class='ocrx_word' id='word_1_70' title='bbox 190 1262 239 1354; x_wconf 88' lang='lat' dir='ltr'><strong>(p.</strong></span> <span class='ocrx_word' id='word_1_71' title='bbox 262 1258 327 1347; x_wconf 74' lang='lat' dir='ltr'><strong>Ah),</strong></span> <span class='ocrx_word' id='word_1_72' title='bbox 349 1259 409 1327; x_wconf 88' lang='lat' dir='ltr'><strong>tali</strong></span> <span class='ocrx_word' id='word_1_73' title='bbox 431 1271 625 1349; x_wconf 85' lang='lat' dir='ltr'><strong>argumento</strong></span> <span class='ocrx_word' id='word_1_74' title='bbox 647 1256 1027 1329; x_wconf 80' lang='lat' dir='ltr'><strong>additDemosthcnem</strong></span> <span class='ocrx_word' id='word_1_75' title='bbox 1048 1264 1235 1334; x_wconf 21' lang='lat' dir='ltr'><strong>utacalum-</strong></span> <span class='ocrx_word' id='word_1_76' title='bbox 1263 1323 1270 1335; x_wconf 84' lang='grc'>,</span> 
     </span>
     <span class='ocr_line' id='line_1_11' title="bbox 188 1360 1234 1460; baseline 0.007 -29"><span class='ocrx_word' id='word_1_77' title='bbox 188 1366 354 1460; x_wconf 81' lang='lat' dir='ltr'><strong>uiatorem</strong></span> <span class='ocrx_word' id='word_1_78' title='bbox 375 1362 453 1443; x_wconf 91' lang='lat' dir='ltr'><strong>niti,</strong></span> <span class='ocrx_word' id='word_1_79' title='bbox 481 1360 587 1454; x_wconf 51' lang='lat' dir='ltr'><strong>longe¹</strong></span> <span class='ocrx_word' id='word_1_80' title='bbox 611 1360 676 1430; x_wconf 87' lang='lat' dir='ltr'><strong>alia</strong></span> <span class='ocrx_word' id='word_1_81' title='bbox 705 1380 816 1430; x_wconf 88' lang='lat' dir='ltr'><strong>autem</strong></span> <span class='ocrx_word' id='word_1_82' title='bbox 836 1364 985 1447; x_wconf 90' lang='lat' dir='ltr'><strong>ratione,</strong></span> <span class='ocrx_word' id='word_1_83' title='bbox 1011 1365 1147 1434; x_wconf 85' lang='lat' dir='ltr'><strong>fortuna</strong></span> <span class='ocrx_word' id='word_1_84' title='bbox 1171 1372 1234 1438; x_wconf 89' lang='lat' dir='ltr'><strong>sci-</strong></span> 
     </span>
     <span class='ocr_line' id='line_1_12' title="bbox 86 1462 1234 1566; baseline 0.005 -29"><span class='ocrx_word' id='word_1_85' title='bbox 86 1532 90 1538; x_wconf 82' lang='lat'><em>.</em></span> <span class='ocrx_word' id='word_1_86' title='bbox 179 1467 268 1560; x_wconf 90' lang='lat' dir='ltr'><strong>licet</strong></span> <span class='ocrx_word' id='word_1_87' title='bbox 288 1485 323 1536; x_wconf 87' lang='lat' dir='ltr'><strong>et</strong></span> <span class='ocrx_word' id='word_1_88' title='bbox 341 1464 422 1536; x_wconf 88' lang='lat' dir='ltr'><strong>belli</strong></span> <span class='ocrx_word' id='word_1_89' title='bbox 443 1462 634 1551; x_wconf 85' lang='lat' dir='ltr'><strong>decennalis</strong></span> <span class='ocrx_word' id='word_1_90' title='bbox 656 1465 885 1550; x_wconf 82' lang='lat' dir='ltr'><strong>diuturnitate,</strong></span> <span class='ocrx_word' id='word_1_91' title='bbox 907 1468 1095 1538; x_wconf 87' lang='lat' dir='ltr'><strong>Phocenses</strong></span> <span class='ocrx_word' id='word_1_92' title='bbox 1115 1472 1234 1566; x_wconf 86' lang='lat' dir='ltr'><strong>perdi-</strong></span> 
     </span>
     <span class='ocr_line' id='line_1_13' title="bbox 186 1568 902 1643; baseline -0.004 -3"><span class='ocrx_word' id='word_1_93' title='bbox 186 1589 239 1643; x_wconf 85' lang='lat' dir='ltr'><strong>tos</strong></span> <span class='ocrx_word' id='word_1_94' title='bbox 260 1595 340 1643; x_wconf 85' lang='lat' dir='ltr'><strong>esse.</strong></span> <span class='ocrx_word' id='word_1_95' title='bbox 894 1568 902 1589; x_wconf 83' lang='lat'><em>&#39;</em></span> 
     </span>
    </p>

    <p class='ocr_par' dir='ltr' id='par_1_3' title="bbox 96 1669 1269 3856">
     <span class='ocr_line' id='line_1_14' title="bbox 196 1669 1269 1771; baseline 0.002 -26"><span class='ocrx_word' id='word_1_96' title='bbox 196 1702 200 1717; x_wconf 91' lang='lat'>·</span> <span class='ocrx_word' id='word_1_97' title='bbox 273 1678 391 1771; x_wconf 86' lang='lat' dir='ltr'><strong>ltaque</strong></span> <span class='ocrx_word' id='word_1_98' title='bbox 411 1675 595 1764; x_wconf 84' lang='lat' dir='ltr'><strong>Aeschines</strong></span> <span class='ocrx_word' id='word_1_99' title='bbox 625 1699 695 1746; x_wconf 89' lang='lat' dir='ltr'><strong>non</strong></span> <span class='ocrx_word' id='word_1_100' title='bbox 716 1669 882 1771; x_wconf 76' lang='lat' dir='ltr'><strong>repugnat</strong></span> <span class='ocrx_word' id='word_1_101' title='bbox 903 1674 1145 1766; x_wconf 79' lang='lat' dir='ltr'><strong>Demostheni3</strong></span> <span class='ocrx_word' id='word_1_102' title='bbox 1169 1680 1234 1748; x_wconf 88' lang='lat' dir='ltr'><strong>im-</strong></span> <span class='ocrx_word' id='word_1_103' title='bbox 1265 1756 1269 1770; x_wconf 70' lang='lat'><strong>.</strong></span> 
     </span>
     <span class='ocr_line' id='line_1_15' title="bbox 184 1771 1232 1875; baseline 0.001 -24"><span class='ocrx_word' id='word_1_104' title='bbox 184 1771 337 1851; x_wconf 84' lang='lat' dir='ltr'><strong>movero</strong></span> <span class='ocrx_word' id='word_1_105' title='bbox 360 1780 535 1850; x_wconf 85' lang='lat' dir='ltr'><strong>confirmat</strong></span> <span class='ocrx_word' id='word_1_106' title='bbox 556 1804 609 1847; x_wconf 92' lang='lat' dir='ltr'><strong>res</strong></span> <span class='ocrx_word' id='word_1_107' title='bbox 632 1805 651 1848; x_wconf 88' lang='lat' dir='ltr'><strong>a</strong></span> <span class='ocrx_word' id='word_1_108' title='bbox 671 1780 898 1849; x_wconf 88' lang='lat' dir='ltr'><strong>Demosthene</strong></span> <span class='ocrx_word' id='word_1_109' title='bbox 918 1779 1049 1864; x_wconf 87' lang='lat' dir='ltr'><strong>relatas,</strong></span> <span class='ocrx_word' id='word_1_110' title='bbox 1072 1782 1168 1875; x_wconf 83' lang='lat' dir='ltr'><strong>quod</strong></span> <span class='ocrx_word' id='word_1_111' title='bbox 1190 1781 1232 1852; x_wconf 89' lang='lat' dir='ltr'><strong>ad</strong></span> 
     </span>
     <span class='ocr_line' id='line_1_16' title="bbox 185 1884 1230 1977; baseline 0.002 -23"><span class='ocrx_word' id='word_1_112' title='bbox 185 1884 343 1954; x_wconf 85' lang='lat' dir='ltr'><strong>ordinem</strong></span> <span class='ocrx_word' id='word_1_113' title='bbox 371 1885 646 1977; x_wconf 87' lang='lat' dir='ltr'><strong>chronologicum</strong></span> <span class='ocrx_word' id='word_1_114' title='bbox 680 1885 806 1977; x_wconf 84' lang='lat' dir='ltr'><strong>attinet</strong></span> <span class='ocrx_word' id='word_1_115' title='bbox 861 1885 1103 1954; x_wconf 88' lang='lat' dir='ltr'><strong>Demosthenes</strong></span> <span class='ocrx_word' id='word_1_116' title='bbox 1137 1890 1230 1956; x_wconf 90' lang='lat' dir='ltr'><strong>enim</strong></span> 
     </span>
     <span class='ocr_line' id='line_1_17' title="bbox 175 1984 1231 2087; baseline 0.003 -30"><span class='ocrx_word' id='word_1_117' title='bbox 175 2007 364 2084; x_wconf 82' lang='lat' dir='ltr'><strong>postquam</strong></span> <span class='ocrx_word' id='word_1_118' title='bbox 384 1987 603 2070; x_wconf 79' lang='lat' dir='ltr'><strong>Aeschinem,</strong></span> <span class='ocrx_word' id='word_1_119' title='bbox 633 1984 741 2079; x_wconf 69' lang='lat' dir='ltr'><strong>quum</strong></span> <span class='ocrx_word' id='word_1_120' title='bbox 769 1989 824 2056; x_wconf 83' lang='lat' dir='ltr'><strong>vix</strong></span> <span class='ocrx_word' id='word_1_121' title='bbox 847 2011 886 2063; x_wconf 78' lang='lat' dir='ltr'><strong>er</strong></span> <span class='ocrx_word' id='word_1_122' title='bbox 909 1987 1011 2058; x_wconf 85' lang='lat' dir='ltr'><strong>altera</strong></span> <span class='ocrx_word' id='word_1_123' title='bbox 1032 1989 1077 2057; x_wconf 90' lang='lat' dir='ltr'><strong>ad</strong></span> <span class='ocrx_word' id='word_1_124' title='bbox 1098 1990 1231 2087; x_wconf 76' lang='lat' dir='ltr'><strong>Philip-¹</strong></span> 
     </span>
     <span class='ocr_line' id='line_1_18' title="bbox 183 2087 1227 2190; baseline 0.003 -30"><span class='ocrx_word' id='word_1_125' title='bbox 183 2119 270 2190; x_wconf 89' lang='lat' dir='ltr'><strong>pum</strong></span> <span class='ocrx_word' id='word_1_126' title='bbox 298 2090 462 2184; x_wconf 82' lang='lat' dir='ltr'><strong>legatione</strong></span> <span class='ocrx_word' id='word_1_127' title='bbox 491 2089 772 2160; x_wconf 80' lang='lat' dir='ltr'><strong>Athenas&#39;rcdux</strong></span> <span class='ocrx_word' id='word_1_128' title='bbox 800 2087 898 2162; x_wconf 86' lang='lat' dir='ltr'><strong>tertio</strong></span> <span class='ocrx_word' id='word_1_129' title='bbox 930 2092 974 2169; x_wconf 88' lang='lat' dir='ltr'><strong>ad</strong></span> <span class='ocrx_word' id='word_1_130' title='bbox 1006 2117 1083 2161; x_wconf 90' lang='lat' dir='ltr'><strong>eum</strong></span> <span class='ocrx_word' id='word_1_131' title='bbox 1102 2091 1227 2186; x_wconf 86' lang='lat' dir='ltr'><strong>legatus</strong></span> 
     </span>
     <span class='ocr_line' id='line_1_19' title="bbox 142 2193 1226 2293; baseline 0.002 -28"><span class='ocrx_word' id='word_1_132' title='bbox 142 2262 144 2267; x_wconf 89' lang='grc'>,</span> <span class='ocrx_word' id='word_1_133' title='bbox 185 2194 360 2290; x_wconf 89' lang='lat' dir='ltr'><strong>apopulo</strong></span> <span class='ocrx_word' id='word_1_134' title='bbox 390 2214 475 2265; x_wconf 91' lang='lat' dir='ltr'><strong>esset</strong></span> <span class='ocrx_word' id='word_1_135' title='bbox 504 2213 651 2281; x_wconf 89' lang='lat' dir='ltr'><strong>creatus,</strong></span> <span class='ocrx_word' id='word_1_136' title='bbox 687 2193 875 2264; x_wconf 89' lang='lat' dir='ltr'><strong>valetudine</strong></span> <span class='ocrx_word' id='word_1_137' title='bbox 908 2195 1063 2264; x_wconf 87' lang='lat' dir='ltr'><strong>simulata</strong></span> <span class='ocrx_word' id='word_1_138' title='bbox 1097 2221 1226 2293; x_wconf 75' lang='lat' dir='ltr'><strong>rogasse</strong></span> 
     </span>
     <span class='ocr_line' id='line_1_20' title="bbox 182 2299 1228 2384; baseline 0 -13"><span class='ocrx_word' id='word_1_139' title='bbox 182 2320 336 2371; x_wconf 85' lang='lat' dir='ltr'><strong>senatum</strong></span> <span class='ocrx_word' id='word_1_140' title='bbox 355 2299 525 2384; x_wconf 87' lang='lat' dir='ltr'><strong>retulerat,</strong></span> <span class='ocrx_word' id='word_1_141' title='bbox 547 2318 591 2369; x_wconf 50' lang='lat' dir='ltr'><strong>ut*</strong></span> <span class='ocrx_word' id='word_1_142' title='bbox 606 2301 658 2368; x_wconf 91' lang='lat' dir='ltr'><strong>sui</strong></span> <span class='ocrx_word' id='word_1_143' title='bbox 683 2299 758 2370; x_wconf 89' lang='lat' dir='ltr'><strong>loco</strong></span> <span class='ocrx_word' id='word_1_144' title='bbox 780 2300 918 2369; x_wconf 87' lang='lat' dir='ltr'><strong>fratrem</strong></span> <span class='ocrx_word' id='word_1_145' title='bbox 939 2325 1019 2369; x_wconf 91' lang='lat' dir='ltr'><strong>cum</strong></span> <span class='ocrx_word' id='word_1_146' title='bbox 1041 2305 1162 2370; x_wconf 86' lang='lat' dir='ltr'><strong>ceteris</strong></span> <span class='ocrx_word' id='word_1_147' title='bbox 1186 2301 1228 2371; x_wconf 83' lang='lat' dir='ltr'><strong>ad</strong></span> 
     </span>
     <span class='ocr_line' id='line_1_21' title="bbox 181 2401 1227 2502; baseline -0.006 -23"><span class='ocrx_word' id='word_1_148' title='bbox 181 2431 297 2501; x_wconf 78' lang='lat' dir='ltr'><strong>regem</strong></span> <span class='ocrx_word' id='word_1_149' title='bbox 334 2405 460 2499; x_wconf 84' lang='lat' dir='ltr'><strong>legaret</strong></span> <span class='ocrx_word' id='word_1_150' title='bbox 495 2413 539 2492; x_wconf 89' lang='grc' dir='ltr'><strong>(π.</strong></span> <span class='ocrx_word' id='word_1_151' title='bbox 574 2430 714 2494; x_wconf 89' lang='grc' dir='ltr'><strong><em>παραπρ.</em></strong></span> <span class='ocrx_word' id='word_1_152' title='bbox 749 2429 784 2498; x_wconf 89' lang='lat' dir='ltr'><strong>p.</strong></span> <span class='ocrx_word' id='word_1_153' title='bbox 815 2407 909 2498; x_wconf 82' lang='lat'><strong>379),</strong></span> <span class='ocrx_word' id='word_1_154' title='bbox 942 2401 1037 2474; x_wconf 87' lang='lat' dir='ltr'><strong>addit</strong></span> <span class='ocrx_word' id='word_1_155' title='bbox 1065 2405 1162 2489; x_wconf 85' lang='lat' dir='ltr'><strong>(ibid.</strong></span> <span class='ocrx_word' id='word_1_156' title='bbox 1192 2430 1227 2502; x_wconf 92' lang='lat' dir='ltr'><strong>p.</strong></span> 
     </span>
     <span class='ocr_line' id='line_1_22' title="bbox 181 2508 1227 2604; baseline -0.003 -22"><span class='ocrx_word' id='word_1_157' title='bbox 181 2513 275 2597; x_wconf 84' lang='lat'><strong>380):</strong></span> <span class='ocrx_word' id='word_1_158' title='bbox 313 2509 429 2604; x_wconf 85' lang='lat' dir='ltr'><strong>legatis</strong></span> <span class='ocrx_word' id='word_1_159' title='bbox 459 2509 513 2576; x_wconf 91' lang='lat' dir='ltr'><strong>his</strong></span> <span class='ocrx_word' id='word_1_160' title='bbox 542 2508 656 2578; x_wconf 88' lang='lat' dir='ltr'><strong>medio</strong></span> <span class='ocrx_word' id='word_1_161' title='bbox 685 2510 824 2592; x_wconf 89' lang='lat' dir='ltr'><strong>itinere,</strong></span> <span class='ocrx_word' id='word_1_162' title='bbox 858 2509 986 2603; x_wconf 87' lang='lat' dir='ltr'><strong>quippe</strong></span> <span class='ocrx_word' id='word_1_163' title='bbox 1014 2508 1129 2579; x_wconf 89' lang='lat' dir='ltr'><strong>audito</strong></span> <span class='ocrx_word' id='word_1_164' title='bbox 1159 2513 1227 2580; x_wconf 90' lang='lat' dir='ltr'><strong>iam</strong></span> 
     </span>
     <span class='ocr_line' id='line_1_23' title="bbox 181 2612 1228 2707; baseline 0.001 -24"><span class='ocrx_word' id='word_1_165' title='bbox 181 2614 338 2683; x_wconf 89' lang='lat' dir='ltr'><strong>Phalaeci</strong></span> <span class='ocrx_word' id='word_1_166' title='bbox 356 2630 465 2706; x_wconf 89' lang='lat' dir='ltr'><strong>pacto,</strong></span> <span class='ocrx_word' id='word_1_167' title='bbox 486 2636 550 2705; x_wconf 92' lang='lat' dir='ltr'><strong>per</strong></span> <span class='ocrx_word' id='word_1_168' title='bbox 565 2612 657 2706; x_wconf 87' lang='lat' dir='ltr'><strong>quod</strong></span> <span class='ocrx_word' id='word_1_169' title='bbox 670 2613 856 2682; x_wconf 85' lang='lat' dir='ltr'><strong>Phocenses</strong></span> <span class='ocrx_word' id='word_1_170' title='bbox 872 2612 998 2707; x_wconf 89' lang='lat' dir='ltr'><strong>perditi</strong></span> <span class='ocrx_word' id='word_1_171' title='bbox 1010 2632 1099 2697; x_wconf 87' lang='lat' dir='ltr'><strong>sunt,</strong></span> <span class='ocrx_word' id='word_1_172' title='bbox 1121 2615 1228 2684; x_wconf 86' lang='lat' dir='ltr'><strong>Athe-</strong></span> 
     </span>
     <span class='ocr_line' id='line_1_24' title="bbox 166 2714 1227 2799; baseline 0.001 -13"><span class='ocrx_word' id='word_1_173' title='bbox 166 2743 240 2799; x_wconf 50' lang='lat' dir='ltr'><strong>‚nas</strong></span> <span class='ocrx_word' id='word_1_174' title='bbox 261 2717 413 2799; x_wconf 88' lang='lat' dir='ltr'><strong>reversis,</strong></span> <span class='ocrx_word' id='word_1_175' title='bbox 435 2714 527 2784; x_wconf 90' lang='lat' dir='ltr'><strong>illico</strong></span> <span class='ocrx_word' id='word_1_176' title='bbox 549 2716 752 2784; x_wconf 89' lang='lat' dir='ltr'><strong>Aeschinem</strong></span> <span class='ocrx_word' id='word_1_177' title='bbox 773 2741 891 2785; x_wconf 89' lang='lat' dir='ltr'><strong>sanum</strong></span> <span class='ocrx_word' id='word_1_178' title='bbox 913 2719 981 2785; x_wconf 87' lang='lat' dir='ltr'><strong>iam</strong></span> <span class='ocrx_word' id='word_1_179' title='bbox 1002 2718 1144 2787; x_wconf 88' lang='lat' dir='ltr'><strong>etnulla</strong></span> <span class='ocrx_word' id='word_1_180' title='bbox 1159 2720 1227 2788; x_wconf 89' lang='lat' dir='ltr'><strong>sibi</strong></span> 
     </span>
     <span class='ocr_line' id='line_1_25' title="bbox 179 2819 1227 2918; baseline -0.001 -27"><span class='ocrx_word' id='word_1_181' title='bbox 179 2847 201 2891; x_wconf 88' lang='lat' dir='ltr'><strong>a</strong></span> <span class='ocrx_word' id='word_1_182' title='bbox 220 2821 350 2918; x_wconf 89' lang='lat' dir='ltr'><strong>populo</strong></span> <span class='ocrx_word' id='word_1_183' title='bbox 377 2820 543 2915; x_wconf 84' lang='lat' dir='ltr'><strong>legatione</strong></span> <span class='ocrx_word' id='word_1_184' title='bbox 572 2819 772 2888; x_wconf 84' lang='lat' dir='ltr'><strong>demandata</strong></span> <span class='ocrx_word' id='word_1_185' title='bbox 798 2819 843 2888; x_wconf 89' lang='lat' dir='ltr'><strong>ad</strong></span> <span class='ocrx_word' id='word_1_186' title='bbox 863 2821 1060 2917; x_wconf 88' lang='lat' dir='ltr'><strong>Philippum</strong></span> <span class='ocrx_word' id='word_1_187' title='bbox 1086 2846 1122 2890; x_wconf 89' lang='lat' dir='ltr'><strong>se</strong></span> <span class='ocrx_word' id='word_1_188' title='bbox 1144 2847 1227 2892; x_wconf 90' lang='lat' dir='ltr'><strong>con-</strong></span> 
     </span>
     <span class='ocr_line' id='line_1_26' title="bbox 178 2923 1227 3009; baseline -0.002 -13"><span class='ocrx_word' id='word_1_189' title='bbox 178 2925 301 3009; x_wconf 90' lang='lat' dir='ltr'><strong>tulisse,</strong></span> <span class='ocrx_word' id='word_1_190' title='bbox 322 2942 362 2995; x_wconf 89' lang='lat' dir='ltr'><strong>nt</strong></span> <span class='ocrx_word' id='word_1_191' title='bbox 374 2925 419 2994; x_wconf 66' lang='lat' dir='ltr'><strong>&#39;in</strong></span> <span class='ocrx_word' id='word_1_192' title='bbox 440 2924 554 2994; x_wconf 89' lang='lat' dir='ltr'><strong>medio</strong></span> <span class='ocrx_word' id='word_1_193' title='bbox 577 2923 818 2993; x_wconf 86' lang='lat' dir='ltr'><strong>Thebanorum</strong></span> <span class='ocrx_word' id='word_1_194' title='bbox 838 2944 872 2994; x_wconf 92' lang='lat' dir='ltr'><strong>et</strong></span> <span class='ocrx_word' id='word_1_195' title='bbox 883 2925 1109 2996; x_wconf 89' lang='lat' dir='ltr'><strong>Macedonum</strong></span> <span class='ocrx_word' id='word_1_196' title='bbox 1130 2950 1227 2994; x_wconf 83' lang='lat' dir='ltr'><strong>excr-</strong></span> 
     </span>
     <span class='ocr_line' id='line_1_27' title="bbox 177 3029 1224 3123; baseline -0.001 -23"><span class='ocrx_word' id='word_1_197' title='bbox 177 3032 248 3100; x_wconf 89' lang='lat' dir='ltr'><strong>citu</strong></span> <span class='ocrx_word' id='word_1_198' title='bbox 270 3047 472 3123; x_wconf 78' lang='lat' dir='ltr'><strong>reportatam</strong></span> <span class='ocrx_word' id='word_1_199' title='bbox 498 3029 543 3097; x_wconf 89' lang='lat' dir='ltr'><strong>de</strong></span> <span class='ocrx_word' id='word_1_200' title='bbox 572 3030 800 3098; x_wconf 89' lang='lat' dir='ltr'><strong>Phocensihus</strong></span> <span class='ocrx_word' id='word_1_201' title='bbox 827 3032 1012 3099; x_wconf 85' lang='lat' dir='ltr'><strong>victoriam</strong></span> <span class='ocrx_word' id='word_1_202' title='bbox 1027 3029 1224 3113; x_wconf 85' lang='lat' dir='ltr'><strong>celebraret,</strong></span> 
     </span>
     <span class='ocr_line' id='line_1_28' title="bbox 176 3134 1225 3230; baseline 0 -27"><span class='ocrx_word' id='word_1_203' title='bbox 176 3138 414 3230; x_wconf 86' lang='lat' dir='ltr'><strong>pravitatisque</strong></span> <span class='ocrx_word' id='word_1_204' title='bbox 443 3158 522 3202; x_wconf 86' lang='lat' dir='ltr'><strong>suaa</strong></span> <span class='ocrx_word' id='word_1_205' title='bbox 550 3137 700 3227; x_wconf 88' lang='lat' dir='ltr'><strong>praemia</strong></span> <span class='ocrx_word' id='word_1_206' title='bbox 724 3134 843 3202; x_wconf 87' lang='lat' dir='ltr'><strong>merita</strong></span> <span class='ocrx_word' id='word_1_207' title='bbox 870 3134 1122 3227; x_wconf 80' lang='lat' dir='ltr'><strong>adipisceretur.</strong></span> <span class='ocrx_word' id='word_1_208' title='bbox 1165 3134 1225 3203; x_wconf 85' lang='lat' dir='ltr'><strong>Ad</strong></span> 
     </span>
     <span class='ocr_line' id='line_1_29' title="bbox 96 3237 1221 3334; baseline -0.001 -27"><span class='ocrx_word' id='word_1_209' title='bbox 96 3302 100 3317; x_wconf 84' lang='grc'>,</span> <span class='ocrx_word' id='word_1_210' title='bbox 175 3239 241 3309; x_wconf 93' lang='lat' dir='ltr'><strong>hoc</strong></span> <span class='ocrx_word' id='word_1_211' title='bbox 268 3238 490 3334; x_wconf 86' lang='lat' dir='ltr'><strong>opprohrium</strong></span> <span class='ocrx_word' id='word_1_212' title='bbox 519 3238 712 3307; x_wconf 82' lang='lat' dir='ltr'><strong>Aeschines</strong></span> <span class='ocrx_word' id='word_1_213' title='bbox 735 3237 918 3332; x_wconf 88' lang='lat' dir='ltr'><strong>respondet</strong></span> <span class='ocrx_word' id='word_1_214' title='bbox 948 3266 982 3306; x_wconf 90' lang='grc' dir='ltr'><strong>π.</strong></span> <span class='ocrx_word' id='word_1_215' title='bbox 1016 3264 1156 3329; x_wconf 89' lang='grc' dir='ltr'><strong><em>παραπρ.</em></strong></span> <span class='ocrx_word' id='word_1_216' title='bbox 1185 3263 1221 3334; x_wconf 92' lang='lat' dir='ltr'><strong>p.</strong></span> 
     </span>
     <span class='ocr_line' id='line_1_30' title="bbox 176 3342 1222 3431; baseline -0.001 -19"><span class='ocrx_word' id='word_1_217' title='bbox 176 3342 266 3431; x_wconf 72' lang='lat' dir='ltr'><strong>dos.</strong></span> <span class='ocrx_word' id='word_1_218' title='bbox 312 3343 451 3410; x_wconf 86' lang='lat' dir='ltr'><strong>lnfirina</strong></span> <span class='ocrx_word' id='word_1_219' title='bbox 477 3345 546 3410; x_wconf 92' lang='lat' dir='ltr'><strong>iam</strong></span> <span class='ocrx_word' id='word_1_220' title='bbox 570 3343 776 3425; x_wconf 86' lang='lat' dir='ltr'><strong>valetudine,</strong></span> <span class='ocrx_word' id='word_1_221' title='bbox 811 3345 873 3425; x_wconf 85' lang='lat' dir='ltr'><strong>ait,</strong></span> <span class='ocrx_word' id='word_1_222' title='bbox 902 3365 1071 3410; x_wconf 89' lang='lat' dir='ltr'><strong>reversum</strong></span> <span class='ocrx_word' id='word_1_223' title='bbox 1093 3367 1128 3410; x_wconf 89' lang='lat' dir='ltr'><strong>sc</strong></span> <span class='ocrx_word' id='word_1_224' title='bbox 1151 3367 1222 3411; x_wconf 91' lang='lat' dir='ltr'><strong>esse</strong></span> 
     </span>
     <span class='ocr_line' id='line_1_31' title="bbox 176 3433 1222 3541; baseline -0.002 -25"><span class='ocrx_word' id='word_1_225' title='bbox 176 3471 215 3516; x_wconf 85' lang='lat' dir='ltr'><strong>ex</strong></span> <span class='ocrx_word' id='word_1_226' title='bbox 250 3449 366 3540; x_wconf 89' lang='lat' dir='ltr'><strong>priore</strong></span> <span class='ocrx_word' id='word_1_227' title='bbox 399 3446 475 3530; x_wconf 90' lang='lat' dir='ltr'><strong>illa,</strong></span> <span class='ocrx_word' id='word_1_228' title='bbox 515 3449 596 3514; x_wconf 82' lang='lat' dir='ltr'><strong>iuris</strong></span> <span class='ocrx_word' id='word_1_229' title='bbox 624 3443 760 3514; x_wconf 85' lang='lat' dir='ltr'><strong>iurandi</strong></span> <span class='ocrx_word' id='word_1_230' title='bbox 791 3471 914 3538; x_wconf 89' lang='lat' dir='ltr'><strong>nempe</strong></span> <span class='ocrx_word' id='word_1_231' title='bbox 943 3444 1095 3541; x_wconf 83' lang='lat' dir='ltr'><strong>exigendi</strong></span> <span class='ocrx_word' id='word_1_232' title='bbox 1123 3433 1222 3515; x_wconf 88' lang='lat' dir='ltr'><strong>causa</strong></span> 
     </span>
     <span class='ocr_line' id='line_1_32' title="bbox 174 3548 1222 3645; baseline 0.001 -26"><span class='ocrx_word' id='word_1_233' title='bbox 174 3553 276 3620; x_wconf 90' lang='lat' dir='ltr'><strong>missa</strong></span> <span class='ocrx_word' id='word_1_234' title='bbox 287 3548 469 3645; x_wconf 86' lang='lat' dir='ltr'><strong>legatione,</strong></span> <span class='ocrx_word' id='word_1_235' title='bbox 491 3549 710 3618; x_wconf 90' lang='lat' dir='ltr'><strong>nihilominus</strong></span> <span class='ocrx_word' id='word_1_236' title='bbox 733 3570 844 3619; x_wconf 89' lang='lat' dir='ltr'><strong>tamen</strong></span> <span class='ocrx_word' id='word_1_237' title='bbox 866 3574 1080 3641; x_wconf 86' lang='lat' dir='ltr'><strong>magnacum</strong></span> <span class='ocrx_word' id='word_1_238' title='bbox 1102 3551 1222 3620; x_wconf 91' lang='lat' dir='ltr'><strong>alacri-</strong></span> 
     </span>
     <span class='ocr_line' id='line_1_33' title="bbox 174 3655 1220 3748; baseline -0.001 -23"><span class='ocrx_word' id='word_1_239' title='bbox 174 3673 241 3725; x_wconf 85' lang='lat' dir='ltr'><strong>tate</strong></span> <span class='ocrx_word' id='word_1_240' title='bbox 270 3680 343 3722; x_wconf 86' lang='lat' dir='ltr'><strong>aam</strong></span> <span class='ocrx_word' id='word_1_241' title='bbox 367 3656 586 3721; x_wconf 87' lang='lat' dir='ltr'><strong>renunciasse.</strong></span> <span class='ocrx_word' id='word_1_242' title='bbox 632 3655 714 3723; x_wconf 81' lang='lat' dir='ltr'><strong>Mox</strong></span> <span class='ocrx_word' id='word_1_243' title='bbox 735 3655 778 3722; x_wconf 88' lang='lat' dir='ltr'><strong>ad</strong></span> <span class='ocrx_word' id='word_1_244' title='bbox 805 3655 1069 3748; x_wconf 80' lang='lat' dir='ltr'><strong>Amphictyones</strong></span> <span class='ocrx_word' id='word_1_245' title='bbox 1091 3655 1220 3748; x_wconf 87' lang='lat' dir='ltr'><strong>legatus</strong></span> 
     </span>
     <span class='ocr_line' id='line_1_34' title="bbox 102 3757 1220 3856; baseline 0.003 -30"><span class='ocrx_word' id='word_1_246' title='bbox 102 3841 105 3845; x_wconf 7' lang='grc' dir='ltr'>ψ</span> <span class='ocrx_word' id='word_1_247' title='bbox 174 3785 283 3856; x_wconf 86' lang='lat' dir='ltr'><strong>quum</strong></span> <span class='ocrx_word' id='word_1_248' title='bbox 317 3777 401 3828; x_wconf 90' lang='lat' dir='ltr'><strong>esset</strong></span> <span class='ocrx_word' id='word_1_249' title='bbox 432 3757 611 3851; x_wconf 72' lang='lat' dir='ltr'><strong>electus,&#39;)</strong></span> <span class='ocrx_word' id='word_1_250' title='bbox 637 3782 709 3828; x_wconf 90' lang='lat' dir='ltr'><strong>non</strong></span> <span class='ocrx_word' id='word_1_251' title='bbox 740 3760 883 3828; x_wconf 85' lang='lat' dir='ltr'><strong>eiurasse</strong></span> <span class='ocrx_word' id='word_1_252' title='bbox 910 3759 1127 3853; x_wconf 87' lang='lat' dir='ltr'><strong>legationem,</strong></span> <span class='ocrx_word' id='word_1_253' title='bbox 1157 3760 1220 3829; x_wconf 87' lang='lat' dir='ltr'><strong>sed</strong></span> 
     </span>
    </p>
   </div>
   <div class='ocr_carea' id='block_1_3' title="bbox 173 3955 485 3976">
    <p class='ocr_par' dir='ltr' id='par_1_4' title="bbox 173 3955 485 3976">
     <span class='ocr_line' id='line_1_35' title="bbox 173 3955 485 3976; baseline -0.013 -1"><span class='ocrx_word' id='word_1_254' title='bbox 173 3955 485 3976; x_wconf 59' lang='lat' dir='ltr'><em>m</em></span> 
     </span>
    </p>
   </div>
   <div class='ocr_carea' id='block_1_4' title="bbox 161 4038 1219 4173">
    <p class='ocr_par' dir='ltr' id='par_1_5' title="bbox 161 4038 1219 4173">
     <span class='ocr_line' id='line_1_36' title="bbox 161 4038 1219 4173; baseline -0.012 -16"><span class='ocrx_word' id='word_1_255' title='bbox 161 4038 165 4043; x_wconf 92' lang='lat'>·</span> <span class='ocrx_word' id='word_1_256' title='bbox 216 4075 243 4164; x_wconf 80' lang='lat'><strong>‘)</strong></span> <span class='ocrx_word' id='word_1_257' title='bbox 265 4074 402 4173; x_wconf 63' lang='grc' dir='ltr'><strong>ᾳῗρεθέἳς</strong></span> <span class='ocrx_word' id='word_1_258' title='bbox 429 4072 620 4160; x_wconf 65' lang='grc' dir='ltr'><strong>πθέσβωΐῆς</strong></span> <span class='ocrx_word' id='word_1_259' title='bbox 645 4074 694 4141; x_wconf 68' lang='grc' dir='ltr'><strong>ἒπῖ</strong></span> <span class='ocrx_word' id='word_1_260' title='bbox 723 4071 798 4152; x_wconf 69' lang='grc' dir='ltr'><strong>τοὺς</strong></span> <span class='ocrx_word' id='word_1_261' title='bbox 813 4066 1070 4165; x_wconf 44' lang='grc' dir='ltr'><strong><em>’Ἀμφανδοναςμ</em></strong></span> <span class='ocrx_word' id='word_1_262' title='bbox 1104 4080 1219 4146; x_wconf 86' lang='lat' dir='ltr'><strong>Demo·</strong></span> 
     </span>
    </p>
   </div>
   <div class='ocr_carea' id='block_1_5' title="bbox 0 0 1302 4672">
    <p class='ocr_par' dir='ltr' id='par_1_6' title="bbox 0 0 1302 4672">
     <span class='ocr_line' id='line_1_37' title="bbox 0 0 1302 4672; baseline 0 6"><span class='ocrx_word' id='word_1_263' title='bbox 0 0 1302 4672; x_wconf 95' lang='lat' dir='ltr'><strong> </strong></span> 
     </span>
    </p>
   </div>
  </div>
 </body>
</html>
