2594 4672
501 284 660 385 ...eu

64 451 150 516 cives
172 446 215 515 od
236 448 354 516 urbem
379 446 594 538 muniendam
623 470 801 542 properare
830 449 909 514 iussi
940 451 1022 526 sint,
1052 450 1097 514 si-

62 551 133 619 mul
156 560 264 617 autem
286 569 437 642 rogatum
460 555 519 632 sit,
549 570 588 619 ut
615 549 715 644 legati
737 549 945 643 pacis'causa
968 551 1107 644 Philip·‘

61 681 145 746 pum
167 654 306 722 adirent.
352 656 484 721 Cercius
507 673 555 722 est
577 654 787 735 Aeschinem,
813 652 873 747 qui
901 656 937 719 in
964 652 1101 720 decreto·

61 758 185 850 legatus
207 758 352 840 affertur,
374 758 518 851 legatum
541 763 641 824 etiam
664 761 822 827 continuo
849 753 926 850 post
954 757 1100 824 Chaero-

63 887 166 929 nense
198 861 421 930 infortunium
462 861 656 954 Philippum
687 859 802 927 adisse.
856 862 897 928 V.
929 862 1025 927 Dem.
1056 860 1100 927 de

64 990 130 1034 eor.
152 991 186 1057 p.
209 968 284 1055 319.
330 967 375 1033 At
407 968 445 1032 in
475 966 608 1032 decreto
630 967 775 1032 insiticio
805 964 905 1055 legati
927 963 1100 1031 celerrime

59 1069 258 1163 'Philippum
289 1067 383 1135 odire
416 1064 595 1152 iubentur,
623 1069 702 1136 ὅπου
724 1069 763 1136 tv
784 1069 860 1136 ὅντα
881 1068 1100 1135 πυνθάνωνται

69 1175 141 1266 [τὸν
166 1171 353 1262 Φίλιππον],
384 1172 486 1265 quod'
503 1175 613 1239 minus
643 1172 792 1293 quadrat
812 1171 855 1239 ad
882 1188 1012 1265 ternpus
1035 1173 1103 1238 cla-

65 1281 145 1343 dem
179 1275 465 1349 Chaeronensem
477 1276 695 1370 subsequens,
734 1277 862 1368 quippe
897 1277 989 1368 qnod
1023 1277 1101 1342 Phi-

66 1377 179 1470 lippus
203 1397 275 1446 tum
296 1403 403 1471 prope
426 1380 603 1446 Atticam
594 1406 665 1474 rpsa
693 1380 731 1445 in
752 1380 887 1447 Boeotia
908 1397 1100 1476 versaretur.

68 1484 212 1549 Maxime
251 1500 361 1551 tamen
402 1501 590 1575 repugnant
626 1498 785 1576 tempora
837 1483 922 1548 Nam
963 1483 1100 1576 Olymp.
1173 1573 1177 1586 =

69 1585 141 1669 CX,
164 1590 271 1678 ipax
293 1589 453 1654 continuo
478 1586 607 1654 cladem
638 1587 906 1653 Chaeronensem
929 1587 1102 1654 subsecuta

68 1709 128 1774 cst,
149 1691 238 1757 diem
260 1693 363 1783 igitur
394 1693 643 1784 Metagitnionis
670 1691 753 1772 VII,
781 1693 891 1783 itaque
910 1692 1105 1784 ,composita

68 1814 119 1863 cst
140 1815 195 1862 aut
217 1799 289 1888 ipso
314 1796 422 1862 adhuc
444 1819 558 1863 mense
574 1796 825 1886 Metagitnione,
848 1814 904 1862 aut
916 1795 1105 1887 insequenti

67 1899 322 1967 Boedromione.
368 1901 409 1967 V.
433 1902 529 1967 Dem.
553 1899 596 1966 de
618 1925 684 1967 eor.
707 1925 743 1993 p.
766 1899 922 1990 319coll.
936 1906 999 1970 320
1023 1917 1102 1966 extr.

67 2005 249 2071 Decretum
279 2021 389 2105 autem
419 2005 604 2072 insiticium
633 2003 737 2072 latum
771 2022 819 2071 est
848 2005 1106 2073 Hecatombaeo·

67 2109 120 2203 nis
142 2109 305 2189 ultimo,'
295 2134 333 2174 ιιι
357 2132 448 2230 quo
446 2126 609 2177 mutatum
639 2111 763 2176 mensis
793 2132 917 2178 nomen
945 2111 1013 2177 iam
1034 2134 1109 2177 ιιοιι

71 2214 291 2279 concesserim
298 2217 345 2294 *)‚
362 2198 501 2305 qnippe
525 2212 616 2304 quod
638 2215 830 2280 mutationis
855 2215 948 2281 istius
977 2213 1109 2280 nullam

74 2339 205 2381 causam
227 2315 383 2382 idoneam
404 2316 552 2398 videam3
581 2335 614 2382 et
639 2341 701 2407 pax
730 2341 768 2381 ex
791 2315 921 2383 decreto
945 2318 1003 2385 illo
1025 2343 1107 2385 con-

72 2419 203 2487 firmata
226 2416 273 2484 ah'
287 2417 545 2485 Atheniensibus
568 2438 616 2485 est
638 2418 784 2485 ciusdem
806 2423 926 2486 mensis
944 2424 1106 2488 nimirum

73 2525 133 2605 XI,
158 2525 284 2616 quippe
304 2524 414 2615 prima
436 2521 554 2615 populi
584 2525 755 2591 concione.
802 2526 894 2608 Quae
923 2550 1029 2616 quum
1061 2528 1107 2592 ita

74 2629 158 2709 sint,
181 2624 405 2701 recedendum
435 2629 571 2696 omnino
603 2645 651 2694 est
680 2653 699 2692 a
725 2653 808 2721 pace
836 2644 912 2719 post
940 2629 1108 2722 proelium

73 2724 307 2801 Chaeronense
329 2733 512 2823 composita
535 2731 577 2798 ad
600 2755 690 2813 eam,
714 2751 813 2824 quam
834 2751 910 2825 post
931 2735 1108 2825 Byzantios
1160 2808 1163 2814 ,

72 2835 229 2903 liberatos
252 2836 373 2902 iactam
406 2842 507 2927 'supra
535 2839 805 2918 monstravimus,
837 2840 1108 2932 propositamque

74 2964 204 3006 revera
227 2939 267 3006 ab
290 2942 363 3032 ipso
374 2939 533 3033 Philippo
553 2940 653 3008 fuisse
663 2940 832 3009 DIodorus
855 2959 998 3007 testatur.
1043 2945 1109 3007 Ea-

75 3068 141 3134 que
164 3069 201 3110 ex
230 3043 364 3111 decreto
393 3043 454 3112 illo
481 3044 565 3112 sacta
594 3050 639 3113 sit
658 3046 781 3112 mensis
813 3044 1109 3114 Hecatombaeonis
1169 3036 1171 3040 ὗ

74 3148 137 3229 XI,
162 3147 299 3240 Olymp.
323 3147 396 3231 CX,
421 3172 451 3230 2,
475 3151 602 3241 quippe
623 3166 700 3241 post
721 3147 862 3215 solutam
876 3149 1026 3239 Byzantii
1049 3151 1109 3217 ob-

74 3248 248 3334 sidionem,
271 3277 373 3346 quam
394 3276 471 3318 vere
493 3253 671 3344 superioris
693 3252 772 3318 anni
800 3251 942 3318 solutam
965 3277 1032 3332 esse
1054 3281 1109 3322 su-

75 3380 136 3449 pra
159 3355 347 3448 docuimus.
393 3355 530 3450 Olymp.
562 3355 640 3467 CII,
671 3380 690 3423 ι
719 3355 1003 3426 Hecatombaeone
1030 3360 1109 3428 Phi·
1175 3452 1178 3459 Ι

74 3534 385 3554 m

119 3653 236 3736 ')Nam
255 3653 303 3718 'ne
330 3660 359 3718 in
382 3657 470 3718 altero
502 3656 621 3741 quidem
642 3659 760 3720 decreto
793 3657 838 3744 (p.
862 3659 940 3744 238)
963 3661 1000 3724 de
1023 3685 1111 3726 excu-

161 3743 218 3804 biis
246 3743 384 3804 habendis
413 3765 539 3805 mensem
564 3761 612 3806 aut
642 3746 719 3807 diem
740 3762 879 3808 mutatum
902 3772 976 3810 nnnc
997 3765 1109 3824 statu03

165 3829 216 3890 sed
238 3831 293 3890 hoc
315 3832 399 3890 etiam
420 3830 568 3892 decretum
589 3855 647 3894 nou
668 3832 700 3893 id
722 3856 784 3894 esse
806 3834 987 3919 arbitror,q
987 3836 1113 3899 uodle·

163 3932 224 3976 tum
257 3932 343 3976 esta
378 3917 550 3978 Callisthene
567 3920 704 4004 Olymp.
739 3921 849 3998 CVIII,
890 3940 911 3982 2
948 3921 1121 4007 Seiropho·.
1193 3950 1208 3967 '=

163 4004 253 4062 rionis
273 4002 401 4079 XXVII,
424 4003 454 4062 id
476 3998 570 4085 quotl
581 4029 645 4067 cum
666 4009 765 4090 priore
788 4007 941 4125 decreto
932 4032 971 4070 tn·
972 4000 1064 4167 ¹Epilt

164 4093 321 4205 accuratius
341 4089 553 4174 perscrutabor.
