2594 4672
620 278 665 346 2⁷

124 450 200 512 oum
214 447 255 512 iis
281 446 523 530 communicata
544 469 640 540 agros
654 447 810 516 Boeotiae
827 444 1028 528 adiecerunt.
1071 447 1163 518 Haec

123 547 226 617 Diod.
249 548 283 616 S.
305 549 408 619 refert
430 552 522 634 XIV,
549 575 606 643 17,
635 553 727 620 cuius
755 567 866 620 tamen
892 568 1058 644 postrema
1078 552 1164 622 baec

71 645 73 650 ’
125 652 168 720 de
188 672 342 749 usmpam
364 680 383 721 a
405 655 576 723 Thebanis
599 656 710 749 Oropi
739 656 930 748 posessione
958 679 1002 722 an
1027 679 1098 725 non
1119 657 1164 724 ad
1267 663 1272 671 ’

122 756 162 824 id
184 758 295 848 ipsum
315 759 522 850 pertineant,
553 760 644 853 quod
664 760 773 829 verbis
793 783 895 853 supra
916 758 1072 828 exhibitis
1093 761 1164 828 De·

122 863 312 929 mosthenes
335 864 459 954 tangit,
490 861 636 932 dubitari
667 881 786 958 potest.
833 863 934 950 Quod
955 881 1067 931 tumen
1088 880 1165 931 utut

124 984 197 1045 est,
209 965 333 1058 Oropii
354 968 407 1034 usi
427 967 562 1036 fortusse
584 967 738 1063 depressa
757 992 837 1036 mox
858 964 1164 1037 aLaeedaemoniis

122 1069 360 1138 Thebanorum
383 1072 573 1142 conditione
595 1098 672 1141 cum
693 1072 955 1141 Atheniensibus
972 1072 1166 1140 societatem

124 1175 240 1242 iniisse
272 1200 386 1257 rmsus
420 1175 584 1244 videntur.
644 1178 730 1246 Nem
765 1178 804 1245 in
836 1178 988 1246 Isocratis
1016 1173 1165 1246 Plataico

80 1275 82 1279 ¹
125 1279 267 1372 Olymp.
292 1280 354 1360 CI,
381 1281 404 1374 4
433 1280 546 1350 habito
575 1282 698 1376 Oropii
727 1279 780 1350 vel
800 1297 904 1350 totam
924 1297 1048 1348 terram
1068 1304 1165 1349 suem

123 1383 177 1452 vel
199 1402 288 1453 certe
310 1381 441 1478 partem
463 1386 533 1453 eius
555 1386 812 1454 Atheniensibus
832 1383 991 1453 adiecisse
1005 1383 1166 1454 dicuntur

122 1518 158 1585 p.
184 1494 242 1560 521
270 1489 322 1556 ed.
347 1490 470 1584 Lange.
516 1492 589 1576 Qua
609 1507 748 1586 propter
777 1512 817 1559 eo
843 1491 913 1555 iem
940 1507 1090 1583 tempore
1110 1491 1166 1558 in-

122 1593 214 1664 vidia
242 1596 482 1665 Thebanorum
512 1595 652 1662 excitata
681 1589 810 1661 ibidem
835 1590 950 1661 fertur.
996 1589 1070 1662 Sed
1089 1608 1168 1688 post

119 1712 270 1796 'pugnum
295 1701 431 1768 demum
453 1701 680 1781 Leuctricam,
704 1721 807 1790 Qum
826 1696 1000 1765 subsecuta
1020 1721 1097 1768 mox
1117 1714 1168 1767 est

124 1824 239 1899 aperta
260 1806 513 1874 Atheniensium
536 1822 652 1871 contra
681 1801 861 1870 Thebanos
882 1803 1077 1887 inimicitie,
1107 1803 1166 1871 Oi.

125 1910 222 1991 (2111,
244 1911 275 1990 3,
296 1911 380 1977 facta
403 1927 546 1993 essunt,
569 1931 653 2001 quae
674 1905 917 1974 Demosthenes
939 1905 963 1974 l.
984 1930 1053 1976 ec.
1075 1931 1168 1978 com-

123 2032 297 2080 memorat.
357 2015 439 2095 Rem
474 2013 665 2111 praeparcis
700 2009 840 2104 quidem
872 2011 982 2078 verbis
1021 2010 1167 2081 illustrat

125 2117 228 2184 Diod.
243 2118 317 2195 XV,
341 2120 392 2208 76.
410 2114 654 2211 olymp.Cl[1,
678 2118 698 2188 3
712 2115 896 2183 Themison
918 2116 970 2206 (in
985 2131 1077 2183 textu
1085 2141 1167 2210 pers·

126 2244 243 2312 peram
264 2221 467 2288 Themesion
495 2221 657 2314 scriptum
678 2222 795 2304 exstat)
818 2219 974 2312 Oropum
1005 2221 1042 2286 in
1071 2245 1167 2291 suem
1211 2232 1214 2237 ’

129 2338 324 2414 potestatem
344 2322 484 2412 redegit,
505 2325 633 2404 urbem,
654 2342 694 2392 ut
707 2321 847 2391 Diodor.
866 2322 959 2405 dicit,
981 2324 1166 2392 Athenien-

129 2429 228 2494 sium.
282 2424 350 2493 Sed
376 2427 599 2519 inexspectato
630 2451 703 2494 eam
736 2448 850 2495 rursus
880 2429 1000 2496 amisit.
1052 2430 1167 2514 Quum

128 2534 222 2598 enim
247 2521 465 2609 Athenienses
487 2532 591 2624 copiis
612 2528 712 2626 longe
736 2532 922 2624 superiores
949 2531 1080 2599 bellum
1100 2534 1167 2626 ipsi

126 2636 292 2716 facerent,
327 2627 481 2701 Thebani
516 2658 614 2729 opem
646 2634 788 2704 ferentes
819 2636 939 2702 urbem
973 2635 1055 2705 fidei
1088 2660 1167 2704 suec

127 2741 336 2809 commissam
358 2762 463 2832 quum
485 2741 703 2834 accepissent,
735 2741 1052 2834 restituerepostes
1073 2738 1168 2811 nole-

79 2831 84 2844 *
125 2847 217 2912 bant
263 2843 388 2911 Eadem
414 2843 458 2911 de
485 2868 522 2912 re
552 2844 737 2939 eodemque
758 2860 910 2938 tempore
938 2845 1024 2914 iacta
1053 2846 1168 2915 Xeno-

124 2950 220 3045 phon
240 2949 322 3015 baec
343 2947 459 3018 refert:
482 2949 526 3037 ἔτι
548 2949 610 3038 γὰρ
630 2948 823 3035 τειχιζόντων
842 2955 906 3016 τῶν
930 2951 1088 3018 Φλιασίων
1108 2949 1168 3036 τὴν

130 3057 292 3140 Θυαμίαν,
317 3055 368 3147 καὶ
389 3060 445 3120 τυῦ
465 3054 617 3141 Χάρητος
637 3053 681 3121 ἔτι
703 3052 875 3142 παρόντος,
901 3049 919 3120 ὃ
937 3052 1084 3141 Ὠρωπὸς
1104 3049 1167 3120 ὑπὸ

127 3164 193 3224 τῶν
214 3158 433 3245 φευγόντων
453 3155 647 3246 κατελήφθη.
682 3157 965 3245 Στρατευσαμίνων
986 3158 1021 3225 δὲ
1041 3155 1168 3225 πάντων

122 3262 299 3348 Ἀθηναίων
320 3260 366 3328 ἔντ’
389 3259 494 3343 αὐτόν,
519 3263 571 3328 καλ
591 3262 647 3326 τὸν
664 3259 802 3347 Χάρητα
821 3264 1113 3347 μεταπεμψαμένων
1134 3265 1168 3330 ἔκ

128 3370 185 3450 τῆς
207 3367 361 3449 Θυαμίας,
386 3362 403 3431 ὃ
424 3367 482 3450 μ’ἒν
503 3365 596 3451 λιμὴν
617 3358 657 3432 αὗ
683 3362 701 3431 ὃ
723 3372 787 3432 τῶν
807 3369 983 3432 Σικυωνίων
1003 3364 1096 3432 πάλιν
1116 3363 1181 3437 a‘m'.

129 3469 232 3534 αὐτῶν
253 3495 286 3534 τε
307 3476 371 3536 τῶν
395 3473 554 3553 Φλιασίων
574 3471 625 3535 καλ
646 3475 710 3535 τῶν
725 3468 885 3558 Ἀρκάδων
906 3466 1073 3537 ἁλίσκεται·
1102 3480 1169 3548 τοῖς
1225 3492 1227 3497 ’

128 3575 155 3638 d’
173 3573 354 3657 Ἀθηναίοις
382 3574 482 3651 ateste
502 3580 565 3639 τῶν
588 3572 759 3657 συμμάχων
779 3572 973 3659 ἓβοήθησεν,
1007 3572 1074 3639 ἀλλ’
1095 3573 1170 3640 ἀνε-

123 3676 294 3762 χώρησαν,
325 3680 477 3763 Θηβαίοις
504 3678 798 3765 παρακαταθέμενοι
827 3677 883 3744 τὸν
905 3675 1051 3764 Ὠρωπὸν
1077 3678 1170 3764 μέχρι

127 3784 216 3866 δίκης
238 3779 340 3870 (Hell.
364 3782 570 3867 V11‚4,1.).
615 3782 666 3846 Ex
689 3780 741 3847 his
763 3779 951 3872 supplenda
982 3796 1031 3846 est
1051 3803 1170 3845 manca

72 3938 77 3947 .
126 3883 269 3952 Diodori
301 3887 455 3951 narratio.
501 3887 623 3951 Exorta
645 3885 773 3952 scilicet
794 3886 975 3963 seditione,
1008 3905 1047 3950 eo
1077 3879 1171 3958 haud

126 3989 232 4054 dubie
254 3995 416 4080 tempore,
440 4014 505 4081 quo
519 3989 688 4055 Thebanis
708 3991 807 4058 totius
823 3990 977 4056 Boeotiae
998 3987 1172 4079 principe.

92 4138 107 4166 ,-
127 4102 202 4159 tum'
216 4102 219 4107 '
231 4092 458 4160 affectantibus
478 4091 640 4184 ,singulae
670 4095 815 4162 civitates
843 4091 886 4159 ad
914 4090 1186 4168 Atheniensium*
