2594 4672
559 214 714 320 *oo-2-

123 386 355 460 Chaerondam
389 388 481 453 hunc
515 409 593 455 vere
625 408 829 479 eponymum
856 406 924 450 esse
946 382 1156 468 indicaveris,

122 496 223 560 sicuti
244 490 504 559 Themistoclem
526 507 559 557 et
580 484 859 582 Theophrastum,
882 487 1159 578 quihusrheschi-

121 622 181 664 nes
220 599 271 661 in.
294 593 410 662 eadem
449 595 598 663 oratione
632 592 702 660 aliis
735 589 816 658 locis
846 614 948 658 annos
987 591 1158 683 designat3

123 699 355 768 Chaerondam
394 715 528 778 contra,
579 697 779 764 accusationi
812 694 1025 783 Aeschineaek
1061 720 1161 786 prae-

11 782 13 787 ,
75 835 78 841 ⁴
122 804 235 884 fixum,
257 802 376 869 falsum
398 804 472 867 iure
493 802 681 892 suspiceris,
704 818 737 866 et
757 800 854 865 sicuti
874 821 988 900 omnes
1009 798 1162 892 reliquos

122 906 304 986 archontes,
327 906 387 998 qui
410 907 489 972 actis
512 903 655 996 publicis
678 904 820 971 orationi
843 901 885 967 de
908 925 1031 969 corona
1053 905 1163 971 inser·

122 1013 164 1079 tis
186 1011 324 1102 praefixi
352 1027 445 1089 sunt,
473 1007 794 1099 pseudeponymum.
842 1004 940 1089 Quod
968 1007 996 1072 si
1023 1025 1178 1093 statuas·

121 1138 233 1181 rerum
254 1114 319 1180 huc
346 1113 587 1204 pertinentium
617 1109 769 1209 ordinem
795 1111 887 1180 hunc
915 1111 1065 1178 obtineas
1100 1139 1162 1180 ne-

123 1242 212 1292 cesse
235 1235 296 1284 est:
499 1228 502 1238 “

168 1320 326 1413 Olymp.
351 1319 435 1404 CX,
459 1322 496 1402 3,
519 1343 638 1412 epon.
664 1317 942 1405 Ch'aeronda.-

355 1425 685 1516 Metagitnionis
723 1422 807 1490 VII.
846 1422 888 1489 ad
928 1422 1163 1496 Chaeroneam

718 1527 917 1617 confligitur.
993 1594 996 1601 ,

357 1631 694 1724 Scirophorione
723 1630 963 1698 Demosthenes
985 1636 1164 1717 τειχοποιός

718 1735 766 1801 fit.
938 1812 941 1817 ¹

168 1841 332 1935 Olymp.
357 1840 444 1920 CX,
466 1840 503 1925 4,
527 1861 647 1931 epon.
671 1840 911 1932 Phrynicho.

284 2027 286 2030 Α
356 1946 664 2037 Pyanepsionis
689 1945 820 2013 XXII.
845 1944 1028 2037 Ctesiphon
1045 1944 1162 2014 decre-

718 2066 789 2114 tum
816 2051 979 2141 proponit
1000 2048 1041 2115 de
1062 2072 1159 2118 coro-

717 2151 828 2220 nando
852 2153 1084 2220 Demosthene.

357 2254 722 2347 Elaphebolionis
744 2257 808 2323 VI.
832 2244 1013 2323 Aeschines
1035 2257 1160 2346 γραφὴν

720 2358 909 2445 παρανόμων
944 2361 987 2426 ad
1018 2361 1163 2429 archon·

720 2481 786 2530 tem
809 2463 924 2529 defert.

159 2633 161 2637 ⁴
212 2568 251 2632 In
272 2566 336 2634 hoc
368 2592 482 2634 rerum
512 2570 628 2635 ordine
664 2565 700 2632 id
728 2569 838 2635 statim
868 2569 1101 2659 quaerendum
1126 2595 1162 2639 se

126 2671 238 2751 offert,
267 2670 526 2738 reficiendorum
562 2695 735 2738 murorum
766 2671 960 2753 consilium,
993 2673 1037 2738 ad
1067 2674 1163 2766 quod

125 2777 270 2845 instante
298 2777 495 2864 praesertim
527 2775 753 2866 impressionis
787 2762 938 2866 periculo
972 2777 1162 2870 ¹confugisse

118 2879 291 2944 civitatem
323 2902 385 2971 per
413 2902 448 2944 se
470 2896 727 2944 consentaneum
750 2897 807 2960 est,
830 2875 915 2972 qnid
935 2879 1081 2948 valuerit
1103 2883 1158 2950 Ol.

126 2981 208 3063 CX,
239 2984 258 3051 3
288 2999 446 3064 exeunte,
480 2980 674 3074 decimoque
697 2982 832 3049 demum
859 3007 971 3049 mense
992 3004 1071 3076 post
1093 2985 1160 3055 cla·

126 3084 203 3154 (lem
225 3085 268 3152 ad
290 3087 516 3154 Chaeroneam
547 3106 730 3179 acceptam,
760 3094 827 3177 quo
850 3104 998 3179 temporo
1021 3115 1074 3156 res
1097 3117 1161 3184 pu-

124 3186 221 3268 blica,
245 3215 329 3282 qnae
351 3193 415 3259 sibi
436 3217 499 3284 per
529 3190 661 3268 cladem
690 3190 784 3256 illam
811 3191 1033 3259 imminebant
1061 3197 1159 3278 mala,

127 3290 186 3356 diu
210 3293 382 3384 effugerat,
406 3314 440 3388 et
459 3302 541 3388 pace
563 3296 629 3362 iam
649 3295 828 3361 fruebatur.
875 3295 1045 3366 Continuo
1069 3303 1160 3367 enim

125 3413 202 3486 post
223 3396 447 3465 infortunium
468 3398 556 3465 illud
585 3401 741 3467 victorem
763 3418 903 3466 mutasse
927 3402 1065 3467 consilia
1088 3407 1160 3470 ani-

39 3520 42 3529 ·
126 3500 242 3589 mique
256 3524 332 3592 erga
346 3503 564 3569 Athenienses
580 3504 786 3570 affectionem
798 3506 974 3594 scriptores
990 3506 1157 3599 referuntt

127 3602 268 3675 Diodor.
293 3604 384 3685 XVI,
408 3610 459 3696 87.
484 3608 598 3675 lustin.
622 3608 680 3686 IX,
703 3608 733 3691 4.
756 3606 844 3673 Plut.
866 3608 966 3675 Phoc.
996 3612 1048 3694 163
1080 3636 1160 3680 con·

127 3708 239 3774 firmat
260 3709 331 3798 ipse
354 3732 487 3800 quoque
510 3711 748 3776 Demosthenes
771 3711 812 3775 de
831 3734 898 3777 eor.
921 3739 955 3803 p.
979 3714 1063 3799 304,
1087 3718 1159 3784 ino·

126 3813 260 3902 pinetae
282 3809 395 3877 salutis
424 3814 504 3881 item
532 3816 630 3879 etiam
658 3815 837 3884 Aeschines
865 3819 1019 3883 meminit
1052 3824 1160 3887 or.·in

126 3914 213 3982 Ctes.
246 3942 281 4007 p.
312 3915 363 4004 76.
394 3915 480 3984 med.
509 3917 750 3985 Demosthenes
777 3920 977 3986 Aeschinem
999 3927 1160 3994 continuo

115 4030 117 4035 '
125 4039 200 4117 post
221 4045 368 4117 pugnam
389 4017 532 4110 legatum
560 4023 650 4115 pacis
679 4046 774 4091 causa
796 4023 838 4091 ad
859 4023 1059 4118 Philippum
1081 4054 1161 4122 pro.
