2594 4672
542 415 544 418 ,
578 272 733 436 ...ιιι-

136 498 225 579 Quas
247 497 405 588 pecunias
422 523 535 589 quum
566 497 749 567 liberaliter
779 501 829 566 rei
857 496 1013 591 publicae
1034 487 1170 590 largitus

134 618 235 683 esset,
271 599 471 692 Ctesiphon,
499 605 683 669 amicorum
704 601 859 694 quidam,
882 626 959 670 cum
988 598 1031 665 ad
1059 625 1171 668 remu-

134 703 317 770 nerandam
345 704 432 771 hanc
464 707 698 774 Demosthenis
730 730 807 797 erga
835 708 1001 774 civitatem
1032 705 1171 771 munifi-

135 809 289 886 centiam,
313 824 384 873 tum
404 812 544 875 maximo
572 807 721 901 reliquae
750 811 819 875 cius
846 810 975 875 virtutis
1003 811 1107 898 gratia
1137 827 1170 875 et
1194 802 1196 806 ’

133 908 384 978 benevolentiae
407 938 509 1005 quam
532 938 609 1006 erga
631 914 774 980 Graecos
796 935 910 979 omnes
934 929 967 977 et
981 906 1169 981 Athenienss

132 1016 221 1081 sium
242 1013 406 1106 populum
433 1040 564 1106 semper
592 1016 776 1097 habuisset,
800 1034 832 1082 et
859 1015 986 1105 agendo
1009 1013 1170 1083 dicendo·
1255 1096 1258 1103 .

133 1143 199 1210 que
223 1119 448 1210 praestitisset,
473 1121 676 1210 rogationem
699 1118 787 1201 tulit,
808 1135 847 1206 ut
869 1118 1087 1185 Demostheni
1109 1145 1168 1184 au·

132 1246 191 1287 rea
221 1222 400 1286 donaretur
423 1244 560 1303 corona,
592 1225 729 1315 eiusque
755 1221 959 1314 praedicatio
988 1222 1167 1314 Dionysio-

132 1349 210 1410 rum
232 1321 464 1401 solemnibus
455 1349 491 1388 m
513 1325 638 1392 theatro
661 1326 766 1404 fieret,
790 1349 895 1444 quum
912 1349 1015 1391 novae
1036 1326 1168 1393 tabulae

134 1415 323 1513 ederentur.
369 1414 552 1493 Decretum
575 1454 611 1494 ea
634 1427 676 1493 de
702 1453 739 1493 re
763 1429 1005 1519 conscriptum,
1027 1426 1104 1495 licet
1126 1454 1167 1496 cx

131 1548 228 1624 parte
260 1529 449 1596 mutilatum
471 1550 504 1598 ct
531 1555 567 1597 ex
590 1531 762 1598 Aeschinis
791 1532 997 1597 accusatione
1020 1529 1076 1619 (dc
1099 1556 1165 1599 cor.

131 1660 167 1726 p.
202 1633 279 1723 243)
318 1635 553 1725 integrandum
583 1639 627 1724 (v.
648 1658 709 1702 nos
731 1634 769 1699 in
791 1632 962 1726 Epilogo),
984 1634 1109 1725 legitur
1128 1637 1166 1702 iu

132 1762 181 1805 or.
204 1737 246 1803 de
260 1753 334 1804 cor.
357 1763 392 1830 p.
416 1740 489 1807 266.

218 1841 291 1909 Hoc
313 1840 499 1924 decretum,
531 1842 623 1936 quod
644 1859 720 1934 post
741 1841 908 1934 proelium
931 1841 1167 1925 Chaeronense

128 1945 234 2013 latum
258 1970 327 2013 esse
348 1946 581 2014 Demosthenis
603 1948 712 2030 verba,
735 1970 837 2039 supra
856 1943 962 2026 allata,
985 1945 1166 2015 clarissime
1241 2004 1244 2010 .

129 2049 262 2132 docent,
286 2050 489 2142 Getesiphon
512 2052 623 2143 quarti
644 2051 766 2117 mensis
787 2050 1028 2142 Pyanepsionis
1051 2051 1164 2120 XXIIt
1258 2096 1261 2101 -

129 2157 258 2220 senatui
287 2153 423 2234 obtulit,
456 2165 510 2236 ut,
545 2154 637 2243 quod
665 2154 755 2245 leges
783 2154 958 2236 iubebant,
986 2172 1165 2247 postquam

128 2256 348 2343 προβούλευμα
383 2255 506 2322 factum
542 2274 641 2338 esset,
685 2256 728 2322 ad
760 2254 925 2347 populum
961 2256 1163 2344 deferretur3

130 2383 198 2450 quo
214 2377 322 2424 tamen
345 2381 432 2426 anno
456 2358 623 2455 obtuicrit,
649 2382 689 2425 ex
703 2361 776 2451 ipso
800 2357 933 2425 decreto
956 2383 1025 2428 non
1046 2359 1165 2453 liquet,

129 2463 257 2554 quippe
280 2461 369 2554 quod
392 2464 586 2530 archontem
615 2462 780 2554 praeferat
801 2460 1001 2555 Euthyclem
1020 2464 1165 2557 pseude-

125 2588 325 2657 ponymum.
386 2565 455 2633 Sed
490 2563 659 2634 decretum
698 2590 716 2632 a
750 2583 866 2632 senatu
901 2567 1165 2659 comprobatum,

127 2667 279 2764 adeoque
306 2673 344 2736 in
371 2689 499 2738 senatus
530 2670 674 2746 consulti
705 2669 845 2737 formam
871 2663 1054 2753 redactum,
1077 2695 1165 2765 qno«

124 2774 247 2839 minus·
268 2772 413 2865 populus
445 2776 615 2856 scisceret,
655 2775 837 2841 Aeschines
872 2771 1064 2868 impedivit,
1099 2777 1160 2845 VI.
1224 2810 1227 2815 >

125 2875 396 2969 Elaphebolionis
420 2877 492 2960 die,
526 2881 586 2970 qui
613 2877 704 2943 idem
732 2895 841 2944 sextus
863 2897 1008 2945 estante
1030 2871 1163 2970 Diony-0

125 2981 253 3047 siorum
289 2980 466 3063 solemnia,
499 2981 609 3047 delata
642 2979 685 3047 ad
714 2981 906 3048 archontem
939 2983 1160 3064 accusatione,

126 3109 194 3176 qua
216 3080 328 3174 legum
353 3084 547 3152 violatarum
577 3084 830 3175 Ctesiphontem
857 3076 1022 3150 accusavit
1051 3086 1160 3153 tribus

123 3187 178 3252 his
204 3190 399 3279 praesertim
430 3186 471 3255 de
502 3188 622 3264 causis:
651 3185 743 3279 quod
765 3187 1027 3254 Demosthenem
1063 3212 1161 3258 coro

122 3289 272 3357 nandum
302 3294 533 3384 proposuerit,
560 3287 713 3358 nondum
747 3290 788 3354 ab
818 3312 856 3357 eo
878 3289 992 3357 relatis
1013 3291 1160 3360 admini

123 3411 303 3486 stratorum
335 3419 515 3464 munerum
543 3394 745 3478 rationibus5
768 3411 803 3462 et
831 3392 923 3486 quod
951 3394 1172 3480 intheatro,
1260 3471 1262 3474 .

120 3638 432 3656 m

120 3794 127 3802 ”
209 3758 305 3866 ρικόῖς
326 3787 356 3844 in
378 3785 456 3846 Ctes.
479 3740 596 3848 decreto
619 3807 665 3855 er
685 3785 800 3849 decor.
822 3807 853 3870 p.
877 3776 1161 3851 266mmScriw

209 3875 271 3952 geri
312 3862 425 3935 schedis
464 3872 669 3956 legendum
660 3897 723 3935 sure
761 3873 936 3947 contendit·
948 3872 1091 3935 Schaeser.
1123 3875 1165 3947 iu·¹

208 3961 364 4047 Apparatu
385 3946 423 4016 ad
444 3960 463 4016 Ι.
485 3982 510 4018 e.
537 3954 677 4051 &empturi
699 3963 774 4021 enim
791 3984 816 4034 ,ει
808 3962 1004 4043 'singularum
1025 3942 1177 4031 tribuum(

209 4045 314 4103 aeraria
341 4066 383 4103 sto
356 4042 519 4125 gnificaret,
541 4043 649 4107 dictum
670 4056 848 4129 exspectares
876 4052 942 4117 scic·
962 4038 1071 4107 πασῶν
1090 4038 1169 4106 tur·
1211 4120 1214 4125 Ι

207 4149 241 4212 φ.
263 4092 435 4212 θεωρικοῖς,
458 4152 516 4194 nun
538 4127 577 4194 ἔκ
597 4155 630 4195 π.
652 4152 680 4195 τ.
704 4153 738 4217 φ
835 4162 837 4166 ⁴

783 4234 852 4303 17*
