2594 4672
570 232 615 296 to

70 396 176 469 Diod.
199 395 235 465 S.
258 396 335 478 XV,
357 399 411 466 81.
454 396 540 467 Inde
561 399 603 467 ab
624 398 690 468 hoc
710 416 867 492 tempore,
882 395 1117 465 inAthenien,

68 506 159 572 sium
172 501 300 575 ditione
309 502 472 594 usquead
482 502 575 586 haec,
586 505 625 571 in
635 501 758 596 quihus
772 526 951 585 versamur,
965 519 1117 595 tempora

68 607 174 676 fuisse
195 605 337 676 videtur.
374 605 548 700 Olynthiis
569 607 674 698 igitur
693 629 895 698 recuperare
916 606 1036 673 urhem
1055 630 1117 673 cu-

68 711 243 807 pientibus
259 709 452 804 Philippus,
469 734 585 778 eornm
597 711 705 802 copiis
716 735 791 777 suas
807 710 992 803 adiungens
1005 711 1116 795 (Dem.

71 815 217 909 Olynth.
231 815 274 896 11,
295 840 330 907 p.
346 817 403 906 aa)
421 832 642 908 expugnatam
662 813 764 882 simul
783 840 863 883 cum
876 813 1117 896 Anthemunte,

69 918 294 991 Macedoniae
308 918 435 1013 oppido
449 920 563 1010 (Dem.
580 917 669 986 Phil.
687 919 731 1005 ll,
750 945 787 1013 p.
803 923 860 1010 po)
876 915 1117 1011 possidendam

68 1025 243 1102 concessit

158 1125 352 1196 Potidaeam
374 1126 566 1220 aPhilippo
588 1146 721 1220 captam
737 1127 877 1220 Olymp.
892 1124 965 1207 CV,
986 1125 1009 1194 3
1031 1123 1118 1192 Dio-

72 1231 178 1320 dorus
204 1231 239 1299 S.
262 1231 365 1298 refert
384 1230 407 1299 l.
431 1233 567 1315 xv1,s
589 1257 666 1300 cum
684 1231 900 1326 Amphipolis
924 1248 958 1297 et
977 1227 1118 1322 Pydnae

68 1337 292 1430 occupatione
307 1335 524 1426 coniungens,
547 1336 641 1428 quod
653 1354 691 1404 re
705 1361 783 1405 vera
793 1359 882 1403 anno
898 1353 977 1429 post
991 1333 1118 1402 sactum

68 1461 131 1515 est.
162 1437 362 1507 Plutarchus
377 1438 469 1506 euim
486 1440 523 1505 in
540 1437 731 1507 Alexandro
745 1464 775 1507 c.
794 1442 826 1509 3.
852 1439 1048 1506 Potidaeam
1062 1462 1119 1505 ca-

67 1564 165 1639 ptam
181 1563 215 1612 et
223 1541 454 1611 Alexandrum
467 1566 535 1611 uno
551 1560 702 1636 tempore
713 1560 842 1624 natum,
858 1566 926 1635 quo
942 1539 1118 1634 Olympici

67 1649 145 1718 ludi
159 1650 215 1717 vix
237 1646 397 1715 celebrati
417 1647 555 1729 fuerint,
576 1648 630 1714 his
653 1647 763 1715 verbis
774 1646 899 1718 refert:
925 1647 1118 1736 watlunpd'
1246 1675 1250 1691 ν

68 1755 143 1841 ἄρτι
157 1754 335 1839 Ποτίδαιαν
347 1750 488 1841 ᾑρηκότι,
510 1763 595 1839 τρεῖς
605 1744 833 1840 ἧκανᾶγγελίαι
845 1749 928 1818 κατὰ
942 1749 1000 1818 τὸν
1021 1748 1119 1816 airis

64 1847 201 1946 ηἠρόνον·
222 1854 316 1943 ἡμὲν
328 1856 498 1946 Ἰλλυριοὺς
518 1854 678 1944 ἡττᾶσθαι
697 1855 787 1949 μᾷχη
806 1854 926 1943 μεγάλη
947 1852 1002 1920 διὰ
1020 1858 1120 1942 Παρ-

67 1965 232 2050 μενίωνος·
259 1957 331 2044 η’δῖ
344 1960 552 2045 Ὀλυμπιάσιν
568 1963 656 2052 luno)
677 1961 781 2047 κέλητι
801 1959 1003 2044 νενικηκέναι·
1024 1960 1118 2046 τρίτη

70 2066 123 2148 δέ,
157 2067 226 2152 περὶ
254 2069 310 2150 τῆς
333 2063 537 2148 Ἀλεξάνδρον
554 2067 723 2155 ,γενέσεως
776 2063 905 2149 Quibus
934 2085 977 2128 ex
1005 2061 1117 2129 verbis

69 2168 212 2241 omnino
253 2184 512 2235 cousentaneum
542 2168 592 2250 fit,
647 2167 826 2236 Potidaeae
860 2154 1118 2259 occupationem

71 2274 115 2343 in
138 2271 274 2337 ineunte
303 2268 441 2362 Olymp.
465 2270 543 2357 CVl
565 2296 594 2339 a.
619 2294 632 2340 r
658 2295 730 2339 esse
751 2269 1027 2341 constituendam
1168 2284 1171 2288 ’

71 2448 105 2549 3.
127 2501 163 2569 Ρ.
187 2477 261 2545 230.
285 2476 436 2565 Τοῦ-γὰρ
460 2480 602 2546 Φωκικοῦ
615 2476 795 2561 'cumuletur
806 2480 944 2562 πολέμου
966 2517 1007 2534 -
1028 2483 1118 2567 πριῖ-

33 2655 37 2660 .
107 2603 174 2650 ’τον
193 2583 251 2666 μὲν
270 2578 359 2672 ὑμεῖς
380 2579 462 2650 οὕτω
483 2582 645 2666 διέκεισθε,
668 2582 750 2651 ὥστε
769 2608 798 2671 ιτ.
819 2607 850 2651 τ.
871 2588 901 2650 λ.

443 2685 527 2741 ⁰th
539 2686 614 2739 cm·
626 2709 653 2722 ·“·
664 2687 718 2738 ms
728 2700 752 2734 Ι·

160 2785 296 2855 Bellum
307 2787 489 2877 Phocense,
512 2787 605 2881 quod
624 2787 717 2859 idem
730 2814 864 2860 sacrum
876 2808 1022 2874 vocatur,
1044 2808 1118 2860 tum

71 2893 222 2985 primum
241 2894 417 2964 vexarsisse
455 2895 649 2964 certissimis
682 2896 886 2990 scriptorum
916 2897 1118 2965 testimoniis

11 3079 13 3085 Ι
70 3013 218 3078 constat,
248 3021 354 3088 quum
385 2996 592 3066 Philomelus
629 2999 822 3092 indignatos
859 3000 903 3069 ob
937 3001 1118 3092 irrogatam

68 3101 140 3168 sibi
161 3101 203 3189 ah
228 3101 533 3195 Amphictyonihus
565 3104 727 3172 mulctam
757 3105 961 3186 Phocenses,
990 3121 1030 3171 ut
1053 3127 1117 3196 per

72 3208 143 3275 vim
182 3203 388 3297 Delphicum
427 3205 593 3299 templum
628 3225 882 3302 expugnarent,
930 3210 1117 3278 concitavit.

72 3307 176 3384 Diod.
199 3308 234 3375 S.
258 3311 352 3392 XVI,
375 3311 428 3380 23.
473 3311 597 3404 Captos
618 3330 731 3381 autem
752 3338 771 3379 a
792 3312 1016 3383 Phocensihus
1034 3313 1119 3381 Del-

72 3413 160 3508 phos
181 3415 360 3481 Pausanias
381 3415 484 3482 refert
506 3415 563 3482 01.
587 3417 650 3484 CV
670 3443 700 3485 a.
722 3417 760 3506 4,
789 3404 949 3487 archonte
975 3419 1118 3486 Athenis

72 3516 268 3609 Agathocle.
305 3516 406 3586 Phoc.
430 3520 481 3600 X,
513 3543 543 3586 a.
587 3519 685 3589 Idem
710 3547 731 3590 a
757 3522 909 3593 Diodoro
939 3524 1118 3592 confirma-

71 3640 130 3707 tur
161 3621 259 3701 xvl,
292 3620 340 3709 14.
391 3623 457 3691 Hic
485 3625 577 3692 enim
603 3624 686 3693 iude
713 3627 755 3694 ub
784 3626 844 3697 illo
871 3652 959 3697 anno
990 3629 1118 3698 Demo-
1198 3671 1200 3674 v

73 3723 221 3819 philum,¹
243 3726 372 3818 Ephori
392 3729 566 3821 scriptoris
588 3730 709 3812 filium,
730 3730 815 3798 helli
836 3734 921 3800 sacri
942 3732 1118 3800 historiam

75 3826 301 3920 descripsisse,
323 3855 463 3925 eamque
476 3834 518 3899 ab
533 3853 719 3926 expugnato
734 3836 903 3930 Delphico
921 3835 1047 3929 templo
1063 3838 1119 3902 in-

76 3936 201 4027 cepisse
225 3952 371 4001 testatur.
413 3939 503 4003 Tum
525 3939 569 4005 ad
591 3939 736 4007 eundem
758 3966 893 4026 anuum*
910 3965 1018 4032 usque
1041 3938 1120 4007 Cal.

76 4037 254 4115 listhenem
282 4062 397 4114 rerum
429 4042 467 4108 iu
493 4040 641 4126 ,Graecia
670 4063 836 4136 gestarum
871 4045 1122 4126 enarrationem
