2594 4672
464 228 621 333 ,7-2-

20 392 143 474 ieraut,
177 410 235 463 aut
266 396 306 463 in
333 395 487 488 Philippi
502 413 722 489 ··potestatem
750 397 967 478 transierant,
996 398 1067 490 ipsi

21 495 194 591 plerisque
227 502 492 593 possessionibus
531 501 639 568 orbati
673 501 740 568 iam
772 518 867 569 erant
896 501 1066 569 continuis

23 602 176 697 Philippi
197 605 235 670 in
261 606 441 671 Thraciam
471 606 743 696 impressionibus
778 605 888 689 (Dem.
922 603 1067 698 Olynth.

24 706 68 787 ll,
91 733 126 800 p.
150 713 220 795 ab),
243 732 425 800 earumque
447 710 644 800 gravissima,
668 709 896 776 Chersonesus
916 708 955 773 in
977 703 1069 775 stim·
1110 750 1112 755 ·

22 834 79 878 mo
103 811 298 879 discrimine
319 812 526 892 versabatur,
557 837 664 904 quum
686 831 765 879 tunc
797 814 864 878 iam
894 835 1008 879 omnes
1029 812 1070 881 in

23 939 98 982 eam
119 917 233 1007 copias
256 913 415 1006 colligere
436 915 610 1010 Philippus
637 935 757 1010 posset.
804 917 991 1000 Quomi'uus
1018 934 1068 984 ta·

22 1043 103 1087 men
125 1042 242 1111 pacem
265 1044 284 1085 a
305 1019 466 1113 Philippo
488 1026 658 1113 peterent,
690 1022 794 1088 animi
821 1020 980 1114 superbia
1000 1021 1067 1087 im·

23 1123 191 1214 pediehat
236 1123 315 1189 Post
336 1142 466 1217 captam
483 1123 672 1216 Olynthum
695 1145 850 1206 oratores,
871 1125 1062 1208 Aeschines,
1089 1173 1092 1178 -

23 1243 98 1292 tum
121 1228 231 1294 adhuc
253 1251 329 1294 osor
351 1227 511 1321 Philippi,
534 1228 684 1296 Eubulus
710 1234 851 1322 ipseque
891 1227 984 1295 haud
1000 1230 1065 1296 mi·

23 1331 118 1403 nime
141 1331 381 1398 Demosthenes
404 1331 568 1426 populum
581 1335 774 1415 incitabant,
796 1351 832 1401 ut
853 1332 978 1426 legatos
990 1334 1068 1401 mit·

24 1451 112 1502 teret
134 1435 177 1502 ad
199 1433 277 1503 alias
302 1436 461 1504 Graeciae
491 1440 652 1519 civitates,
685 1440 828 1504 maxime
858 1437 1070 1529 Peloponne-

24 1541 139 1620 siacas,
154 1537 308 1607 adversus
323 1540 519 1634 Philippum
536 1541 732 1610 excitandas.
767 1543 863 1607 Dem.
881 1570 914 1609 u.
928 1568 1068 1632 παραπρ.

24 1669 60 1737 p.
83 1644 159 1730 344,
182 1645 258 1736 439.
301 1644 402 1712 Diod.
428 1646 519 1726 XVl,
544 1646 595 1731 54.
641 1647 731 1729 Quas
758 1663 869 1712 tamen
898 1645 1071 1713 exhortau-

25 1749 117 1815 tibus
141 1750 371 1842 obtcmperare
386 1749 611 1840 prohibebant
632 1774 704 1817 non
723 1766 790 1817 tam
808 1747 946 1831 desidia,
969 1773 1073 1844 quam

26 1854 203 1921 intestinae
215 1856 362 1946 ipsarum
382 1853 509 1919 turbae.
540 1854 583 1920 V.
599 1872 701 1921 nostr.
714 1879 775 1946 cap
788 1853 847 1935 IV,
859 1877 910 1920 nr.
931 1856 961 1923 5.
973 1889 1016 1904 ·-
1025 1853 1074 1921 At

26 1956 203 2051 Philippus
215 1960 342 2024 interea
363 1958 434 2046 ipse
457 1981 492 2024 se
514 1957 773 2029 Atheniensibus
794 1959 886 2051 pacis
906 1975 1073 2027 amantem

28 2058 188 2129 offerebat
199 2061 279 2130 inde
293 2060 334 2126 ab
347 2059 484 2153 Olymp.
501 2061 613 2128 CVlll
624 2088 652 2128 a.
671 2087 697 2130 t.
737 2064 849 2154 Atque
860 2063 1011 2154 primum
1023 2060 1073 2127 le·

29 2166 96 2257 gati
112 2166 335 2246 Euhoeenses,
349 2165 391 2238 de
402 2150 485 2258 pace
499 2166 640 2232 Athenis
660 2184 801 2258 agentes,
818 2168 921 2234 iussos
937 2187 1073 2258 quoque

29 2293 64 2343 so
88 2295 157 2339 esse
180 2299 199 2341 a
221 2269 381 2362 Philippo
405 2269 576 2352 dicebant,
600 2288 636 2339 ut
659 2272 917 2340 Atheniensibus
941 2294 1073 2337 annun-

29 2376 174 2461 ciarent,
204 2374 289 2450 uelle
302 2408 303 2412 ¹
317 2400 352 2442 se
385 2398 462 2443 cum
490 2376 535 2442 eis
564 2379 747 2470 transigere
768 2399 953 2468 pacemque
975 2375 1072 2441 inire.

29 2479 109 2553 Non
131 2481 238 2550 multo
260 2499 338 2571 post
359 2481 495 2574 Phryno
517 2481 739 2548 Rhamnusius
765 2482 855 2546 inter
878 2478 1074 2572 Olympicus

28 2583 185 2653 inducias
205 2611 224 2651 a
245 2585 473 2679 praedonibus
488 2585 716 2653 Macedonicis
728 2603 843 2678 captus
860 2600 918 2666 est,
940 2583 1074 2651 redem-

28 2705 175 2780 ptusqne
198 2711 304 2782 quum
326 2689 473 2756 Athenas
492 2688 653 2769 rediisset,
676 2689 812 2779 rogabat
827 2685 1003 2782 populum,
1026 2687 1072 2765 la.

30 2810 145 2883 gatum
166 2795 219 2859 sui
241 2817 339 2861 causa
361 2792 404 2858 ed
426 2791 624 2883 Philippum
646 2810 684 2863 ut
704 2795 861 2875 mitteret,
882 2793 1071 2885 pecuniam,

30 2921 99 2987 qua
119 2895 286 2965 redimere
307 2922 343 2964 se
365 2913 497 2966 coactus
520 2913 617 2979 esset,
640 2898 892 2990 requisiturum.
936 2898 1071 2973 Missus-t,

31 3025 98 3092 que
120 3020 194 3074 tum
216 3002 402 3095 Ctesiphon
424 3020 482 3071 est.
529 3003 598 3086 Qui
620 3027 726 3095 quum
748 3020 833 3071 esset
851 3002 1001 3070 Athenas
1023 3022 1071 3069 re-

28 3128 152 3188 versus,
174 3130 293 3199 pacem
314 3106 515 3204 Philippum
545 3131 582 3174 ax
615 3110 727 3176 animo
761 3125 886 3200 optare·
899 3106 1073 3177 renuncie-

28 3207 96 3277 bat.
149 3211 241 3279 Haeo
270 3211 417 3306 populus
450 3238 579 3283 summa
608 3210 730 3281 laetitia
763 3213 907 3305 accepit,
941 3228 975 3279 et
1006 3230 1073 3279 une

29 3314 143 3382 animo
166 3318 398 3410 comprobavit
418 3318 601 3399 decretum,
624 3316 716 3410 quod
738 3335 810 3385 tum
830 3317 981 3410 primum
998 3315 1076 3381 Phi·

28 3413 168 3488 locrates
190 3419 359 3512 Agnusius
382 3419 475 3495 tulit:
505 3421 607 3488 licere
635 3421 795 3514 Philippo
825 3418 1078 3490 caduceatorem

29 3521 224 3615 legatosque
254 3528 346 3617 pacis
368 3525 536 3594 ineundae
563 3549 660 3592 eausa
686 3526 832 3593 Athenas
860 3525 983 3615 legare.
1034 3525 1082 3591 Et

30 3651 236 3722 quamquem
262 3645 383 3697 contra
413 3629 586 3699 decretum
614 3630 683 3696 eius
705 3630 853 3720 Lycinus
880 3626 1079 3696 violatarum

29 3732 143 3824 legum
170 3735 416 3803 accusationem
446 3735 653 3815 instituerat,
689 3732 920 3814 nihilominus,
952 3733 1079 3799 Demo·

30 3839 149 3918 sthene
180 3824 324 3936 patrone
357 3852 544 3931 assumpte,
575 3837 781 3907 Philocrates
820 3836 987 3905 absolutus
1019 3852 1079 3907 est.

32 3941 105 4022 sut
128 3943 245 4012 eedem
259 3959 418 4035 tempora
439 3943 675 4023 Athenienses,
705 3960 743 4008 nt
773 3961 885 4035 captos
915 3943 952 4006 in
975 3964 1082 4032 expu-

32 4050 190 4141 gnatione
212 4045 357 4141 Olynthi
380 4049 467 4121 cives
491 4045 652 4140 quosdam
675 4072 750 4120 suos
772 4046 971 4127 liberarent,
1001 4045 1082 4118 Ari-
