2594 4672
618 216 817 344 ‘'gre-

222 411 348 491 missis‚
370 405 491 498 quibus
513 405 713 489 Aeschines,
737 432 777 474 ex
800 408 904 476 altera
925 407 968 477 ad
991 409 1192 503 Philippum
1215 413 1266 483 le·

209 516 355 604 *gatione
384 535 552 591 reversus,
580 512 746 604 populum
767 512 955 607 deceperit,
988 518 1022 580 τί
1044 509 1101 582 οὖν
1136 520 1263 606 συνέβη,

222 621 282 695 ait,
303 615 383 701 μετὰ
405 617 490 681 ταῦτ’
513 614 621 698 αὖθίς,
657 617 712 683 οἷα
742 617 785 701 εἰς
804 618 947 704 paneam
979 618 1054 696 τοὺς
1072 621 1131 703 μέν
1153 629 1265 688 ταλαι-

219 721 345 807 πώρους
368 719 496 796 Φωκέας
524 719 698 808 ἀπολέσθαι
725 724 775 787 καὶ
797 729 1033 810 κατασκαφῆναι
1066 722 1125 799 τὰς
1160 724 1265 804 πόλεις

221 826 339 904 αἰτῶν,
369 820 451 909 ὑμᾶς
479 824 505 887 δ’
526 812 657 906 ἡσυχίαν
689 825 824 911 ἄγοντας
852 828 902 891 καὶ
940 824 1041 916 sedorp
1074 829 1266 908 πεισθέντας

220 928 351 1015 σμικρὸν
371 927 501 1013 ὕστερον
523 937 722 1012 σκευαγωγεῖν
743 931 776 994 έκ
796 935 859 994 τῶν
880 928 999 1014 ἀγρῶν·
1023 945 1123 1022 atque
1145 929 1262 1023 paullo

178 1051 184 1060 ‘
215 1050 310 1128 post:
334 1031 400 1116 λέγε
421 1054 475 1113 μοι
497 1029 533 1094 τὸ
555 1035 611 1094 τοῦ
633 1033 869 1108 Καλλισθένους
890 1031 1050 1120 ψήφισμα.
1096 1035 1143 1101 At
1170 1036 1263 1126 quod

219 1154 292 1202 tum
322 1134 477 1226 sequitur
502 1131 717 1199 Callisthenis
752 1132 922 1200 decretum
960 1137 1001 1201 ab
1037 1135 1095 1204 illo
1123 1162 1263 1228 prorsus

219 1239 386 1306 diversum
415 1254 473 1303 est.
519 1235 612 1302 Illud
640 1236 731 1301 enim
760 1239 788 1302 si
816 1237 922 1305 latum
953 1263 992 1309 eo
1023 1242 1096 1331 ipso
1109 1241 1177 1308 die
1201 1262 1262 1327 est,

218 1368 287 1438 quo
318 1339 480 1432 Dercylus
509 1334 675 1405 nuncium
702 1340 813 1406 attulit
839 1341 999 1435 depacto
1023 1343 1195 1430 Phalaeci,
1226 1347 1262 1415 id

185 1489 187 1493 <
216 1447 310 1540 'qnod
330 1446 473 1540 probare
500 1439 732 1511 Demosthenis
758 1445 858 1510 verba
884 1446 1055 1544 videntur:
1084 1453 1144 1516 ,καὶ
1171 1448 1263 1537 ὑμεῖς

216 1554 303 1619 ταῦτ’
330 1548 516 1624 ἀκούσαντες
546 1546 670 1624 εἰκότως
698 1547 847 1626 κάκείνοις
868 1549 1075 1636 ’συνήχθεσθε
1096 1556 1148 1619 καὶ
1171 1555 1262 1624 αὐτοὶ

166 1684 168 1688 ⁴
217 1656 443 1739 ἐξεπέπληχθε,
468 1653 518 1717 καὶ
540 1652 711 1738 έψηφέζεθε
731 1652 781 1717 καὶ
803 1655 918 1729 παῖδας
943 1644 994 1718 παὶ
1022 1679 1088 1739 γυν.
1118 1649 1147 1724 ιι.
1177 1685 1207 1726 τ.
1230 1667 1259 1728 λ,

215 1768 260 1843 (n.
283 1780 422 1845 παραπρ.
444 1779 478 1845 p.
502 1755 588 1842 379),
611 1751 798 1819 nonlatum
821 1772 869 1821 cst
884 1757 920 1820 iu
935 1759 1096 1825 concione
1120 1786 1138 1826 a
1159 1787 1260 1853 prae-

217 1863 342 1930 toribus
365 1872 541 1926 convocata
567 1854 750 1940 (συγκλήτου
778 1859 937 1941 ἐκκλησίας
969 1857 1030 1926 ὑπὸ
1055 1873 1253 1951 στρατηγῶν,

212 1965 309 2057 'quod
339 1962 584 2052 praescriptum
607 1975 656 2023 est
683 1955 816 2026 decreto
846 1961 1020 2048 insiticio).
1068 1967 1238 2058 Congtcga

193 2053 284 2136 ‘tam
314 2067 406 2132 euim
432 2064 500 2129 iam
527 2059 785 2153 Scirophorione
813 2064 946 2130 XXVII
978 2067 1139 2160 Dercylus
1170 2096 1251 2140 cou-

216 2174 347 2240 cionem
373 2169 411 2234 in
440 2166 576 2234 Piraeeo
605 2183 639 2231 et
671 2163 713 2230 de
736 2167 918 2234 *navalibus
952 2191 1104 2260 agentem
1127 2176 1251 2244 invenit

205 2262 324 2363 ¹⁹(Dem.
355 2273 387 2339 πζ
416 2295 554 2359 noeane.
583 2295 617 2367 p.
641 2269 729 2359 359),
781 2271 881 2354 Quod
913 2274 941 2339 si
970 2278 1081 2343 minus
1101 2281 1250 2364 constet,

213 2381 318 2447 latum
346 2395 457 2444 tamen
487 2364 659 2451 decretum
688 2373 901 2443 Callisthenis
929 2376 1017 2444 illud
1061 2386 1180 2476 utique
1207 2401 1251 2454 est

204 2485 268 2552 die
291 2479 587 2573 Scirophorionem
611 2478 744 2546 XXVII
766 2482 914 2572 proxime
942 2483 1155 2577 insequenti,
1185 2513 1250 2558 nou

159 2624 165 2631 ·
212 2580 494 2656 Maemacterione
517 2584 610 2664 XXI,
633 2607 733 2674 quem
755 2583 927 2653 decretum
948 2589 1134 2658 insiticium
1155 2616 1250 2686 prae-

209 2676 287 2760 lert.
332 2689 504 2753 Praeterea
530 2685 618 2751 nihil
648 2689 685 2753 in
717 2688 781 2757 hoo
805 2688 937 2760 decreto
960 2690 1043 2784 legis
1067 2693 1111 2760 do
1133 2696 1250 2765 mulie·

211 2795 305 2862 'ribus
332 2791 513 2885 puerisque
546 2791 582 2854 iu
610 2791 728 2858 urbem
757 2794 983 2886 asportandis,
1017 2799 1109 2865 nihil
1132 2798 1176 2868 de
1197 2804 1248 2869 Pi·

207 2909 308 2965 raeeo
336 2892 545 2984 castellisque
575 2898 859 2980 communiendis,
895 2898 980 2966 nihil
1010 2901 1053 2968 de
1083 2903 1246 2976 Heracleis

210 3025 280 3071 non
301 2999 382 3068 loris
393 3048 404 3080 ,
437 2996 552 3064 sedin
575 2997 657 3064 urbe
679 3000 824 3092 agendis.

196 3174 198 3177 ,
299 3108 392 3188 Quae
421 3126 526 3195 quum
556 3103 603 3168 ita
624 3104 712 3185 sint,
746 3104 830 3196 quid
853 3108 1064 3176 statuendum
1086 3132 1188 3184 restat
1207 3116 1245 3184 de

206 3210 274 3276 iioc
295 3205 507 3292 Callisthenis
528 3204 656 3298 illoque
678 3207 810 3275 decreto
830 3204 1093 3283 Demosthenis?
1138 3223 1244 3314 Atque

208 3311 440 3404 Demosthenis
469 3328 557 3378 certe
593 3310 763 3379 decretum
785 3315 831 3379 ita
851 3312 903 3381 illi
926 3314 1067 3387 Senatus
1096 3316 1254 3394 consultu.

199 3431 389 3509 repugnat,
419 3413 511 3507 quod
539 3413 642 3480 latum
671 3434 720 3482 est
753 3416 891 3509 Olymp.
916 3418 1045 3503 CVlll,
1081 3449 1100 3490 2
1124 3428 1243 3522 Muny-

208 3522 329 3588 chione
358 3519 408 3585 lll
437 3517 478 3583 de
506 3519 704 3584 maturanda
735 3520 915 3610 legatorum
946 3526 1175 3617 profectione,
1209 3549 1242 3600 ut

195 3646 268 3692 ‘nec
300 3621 490 3689 mutilatum
524 3647 586 3689 nee
617 3646 828 3716 quacumque
860 3630 988 3694 ratione
1028 3629 1241 3723 depravatum

200 3727 293 3797 'illud
321 3728 470 3820 reperire
491 3728 527 3791 iu
549 3741 661 3793 nostro
690 3738 800 3819 queas.
838 3721 944 3796 'Nam
973 3723 1068 3824 quod
1089 3737 1174 3822 hoc,
1207 3757 1241 3809 ut

202 3831 307 3914 illud,
330 3840 461 3898 auctore
483 3828 587 3895 latum
609 3844 658 3896 est
679 3826 920 3915 Demosthene,
956 3853 990 3903 et
1012 3841 1105 3908 triba
1129 3843 1241 3912 eadem

202 3933 428 4014 Pandionide,
452 3933 544 4026 quod
565 3952 734 4025 praeterea
756 3937 792 4002 in
815 3937 878 4005 hoc
901 3937 1114 4026 decernitur,
1139 3967 1176 4014 ut
1196 3947 1241 4015 le-

154 4133 157 4140 ?
200 4042 268 4135 gati
295 4041 367 4108 siue
401 4028 493 4107 mora
516 4039 635 4106 abeant
656 4063 713 4119 eo,
747 4040 825 4111 ὅπου
853 4043 892 4109 ῶν
921 4044 997 4113 ὄντα
1018 4051 1240 4121 πυνθάνωνται
