2580 4680
576 286 733 389 ..22⁹-

133 450 231 545 lippo
253 447 335 531 belli
361 449 399 516 in
424 450 569 519 Atticam
598 452 706 545 ipsam
733 450 952 520 transferendi
980 468 1094 521 auctor
1114 477 1172 522 ex·

133 556 263 623 stiterit
308 553 394 621 Utnt
421 554 523 621 eade
555 580 593 622 re
617 574 752 638 statues,
783 556 847 624 hoc
879 572 968 624 certe
996 558 1170 640 constabit,

133 658 355 726 Athenienses
376 657 574 753 Philippum
599 659 734 753 Olymp.
760 661 833 741 CX,
858 684 877 726 a
900 659 1169 752 Elaphebolione

131 764 227 855 pacis
249 762 429 828 admonere
450 785 519 829 uon
542 764 699 854 potuisse,
721 764 788 829 nisi
811 788 848 830 ea
869 781 945 856 post
962 762 1092 831 bellum
1103 766 1170 857 By-

132 868 282 935 zantium
304 883 387 932 esset
407 890 444 932 re
465 891 543 933 vera
565 867 754 960 composita.

219 972 281 1037 His
295 971 400 1062 igitur
410 971 485 1038 satis
495 973 645 1051 excussis,
661 972 697 1035 in
707 972 795 1037 viam
809 972 874 1036 iam
889 971 1073 1038 redeamus.
1102 972 1169 1039 Ita·

128 1073 1168 1271 liifiisslliilssiilaiilmlpiizimmiiffli
1218 1218 1223 1250 ,

128 1278 411 1348 Boedromionem
461 1283 565 1349 socios
614 1281 912 1374 Peloponnesiacos
961 1306 1165 1351 convocasse.

128 1381 227 1451 Idem
249 1408 356 1476 quum
376 1384 478 1452 simul
504 1388 542 1453 in
571 1387 788 1478 quadraginta
816 1385 887 1452 dies
915 1409 986 1453 rem
1016 1386 1167 1453 frumeu-

129 1490 251 1559 tariam
274 1511 329 1554 eos
350 1513 464 1557 secum
486 1491 602 1556 afferre
624 1515 686 1583 per
708 1489 884 1582 epistolam
899 1490 1041 1571 iusserit,
1064 1515 1165 1582 quam

128 1596 267 1683 parabat
285 1591 532 1683 expeditionem
554 1596 713 1663 continuo
740 1593 876 1685 aggredi
898 1593 1071 1662 manifesto
1093 1618 1166 1663 mo-

129 1693 284 1776 liebatur,
299 1714 337 1763 ut
354 1721 427 1764 eam
449 1717 526 1765 ante
537 1698 682 1765 hiemem
691 1700 921 1765 imminentem
935 1699 1165 1790 Pyanepsioue

129 1822 244 1866 mense
274 1810 330 1866 aut
351 1801 641 1885 Maemacterioue,
664 1804 693 1870 si
714 1819 840 1896 posset,
863 1801 1051 1869 conficeret
1095 1800 1165 1869 Sed

129 1901 269 1971 consilio
290 1907 443 1996 protinus
465 1907 673 1999 exsequendo
699 1899 793 1975 mora
814 1904 903 1972 illata
925 1925 984 1974 est.
1027 1906 1164 1974 Etenim

126 2004 398 2099 Elaphebolionis
428 2010 566 2078 demum
594 2012 692 2079 XXV
720 2010 938 2078 Athenienses
967 2010 1163 2094 decernunt,

125 2128 175 2191 ut,
199 2136 305 2203 quum
326 2112 500 2206 Philippus
533 2115 631 2181 urbes
654 2114 814 2208 quasdam
835 2116 903 2181 iam
925 2118 1060 2207 ceperit,
1083 2115 1162 2184 alias

125 2233 309 2306 oppugnet,
332 2233 365 2282 et
383 2220 521 2285 omnino
538 2220 574 2283 in
598 2220 740 2285 Atticam
763 2218 918 2284 invadere
933 2238 1038 2312 paret,
1061 2219 1162 2311 legati

125 2342 204 2384 eum
225 2318 354 2401 adeant,
377 2322 438 2413 qui
460 2343 498 2386 ea
520 2320 562 2387 de
583 2346 621 2388 re
643 2346 719 2389 cum
742 2345 780 2389 eo
803 2320 1046 2413 colloquantur,
1069 2347 1163 2389 eum·

124 2445 194 2514 que
215 2441 343 2514 rogent,
365 2426 525 2506 maxime,
556 2443 594 2492 ut
619 2425 834 2493 concordiam
856 2443 889 2492 et
908 2449 1037 2517 pacem,
1060 2451 1161 2518 quam

123 2525 250 2592 violare
271 2526 436 2608 moliatur,
459 2554 536 2621 erga
557 2529 776 2596 Athenienses
806 2529 965 2611 observet,
987 2531 1015 2595 si
1038 2531 1159 2614 minus,

123 2647 164 2697 ut
184 2629 394 2698 deliberandi
416 2636 560 2724 spatium
582 2630 639 2700 det
645 2683 656 2716 ,
686 2633 901 2724 induciasque
922 2633 1022 2701 faciat
1053 2658 1160 2726 usque

124 2734 170 2800 ad
195 2760 346 2802 mensem
367 2735 633 2827 Thargelionem.
686 2737 728 2805 V.
751 2735 921 2804 decretum
952 2737 993 2803 de
1016 2738 1159 2806 induciis

124 2837 151 2903 l.
174 2840 210 2904 in
233 2863 281 2907 or.
304 2838 346 2905 de
373 2863 440 2906 cor.
462 2866 496 2932 p.
526 2845 599 2909 282.
634 2843 681 2908 Er
702 2841 753 2908 his
775 2841 1019 2910 evidentissime
1040 2840 1159 2934 liquet,

123 2942 315 3034 Philippum
339 2968 452 3010 mense
481 2943 617 3012 demum
645 2945 912 3038 Elaphebolione
945 2945 1036 3037 Pylis
1058 2948 1160 3012 traie-

124 3047 185 3113 ctis
216 3047 391 3112 Graeciam
426 3070 494 3113 esse
535 3051 730 3140 ingressum.
790 3050 875 3114 Nam
913 3047 1158 3137 ingredientem

121 3152 234 3218 statim
267 3151 487 3217 Athenienses
517 3153 673 3220 cohibere
695 3175 765 3217 csse
786 3168 920 3217 conatos
942 3153 1080 3218 omnino
1102 3176 1158 3218 ve·

121 3253 264 3320 sisimile
295 3273 352 3322 est.
397 3255 505 3322 Urbes
527 3273 646 3338 autem,
677 3280 756 3348 quas
785 3253 827 3318 ad
855 3253 1157 3347 Elaphebolionem

121 3358 224 3424 XXV
250 3380 428 3452 occupasse
456 3359 635 3453 Philippus
668 3361 704 3426 in
740 3356 873 3425 decreto
909 3357 1050 3441 dicitnr,
1086 3382 1157 3428 non

120 3461 411 3554 Amphissensium
432 3483 520 3546 sunt,
542 3463 601 3532 sed
623 3465 807 3532 Locrorum
828 3464 940 3554 potius
963 3463 1158 3555 Epicnemi-

120 3562 270 3647 diorum,
298 3590 445 3661 quornm
475 3586 563 3635 terra
583 3566 822 3660 Thermopylis
848 3567 1000 3657 proxime
1028 3567 1158 3633 adiaco·

117 3668 186 3736 bat.
243 3670 331 3738 Nam
367 3673 564 3764 quominus,
600 3670 694 3767 quod
731 3671 912 3765 perhibent
954 3669 1156 3761 nonnulfi'),

158 4002 468 4168 7Utaqlgachsmuth.
490 4007 605 4069 Hellen.
627 4006 885 4070 theut-xmae
914 4005 982 4068 Vol.
1006 4006 1029 4067 l.
1059 4005 1095 4067 P.
1125 4025 1153 4068 t.

200 4113 233 4177 p.
319 4136 328 4155 .
