2594 4672
564 269 721 391 „tn

95 474 98 482 '
124 454 182 532 τάς
194 479 225 521 τι
236 455 309 519 καθ’
329 450 428 537 ὑμῶν,
451 453 472 540 ἢ
494 441 637 542 φανερῶς
653 436 800 539 ίξελίγξαι
822 479 861 538 με
877 452 1077 544 φαυλότατον
1091 438 1164 524 ὄντα

123 565 187 651 τῶν
208 557 363 624 ἁπάντων.
385 565 430 645 τῷ
451 559 509 642 μὲν
530 551 586 624 οὖν
608 554 710 648 δήμῷ
727 564 827 624 ταῦτα
848 559 995 646 συνέφερε
1001 609 1012 640 ,
1043 571 1114 636 τοῖς
1135 561 1165 627 ll

121 663 262 748 λέγουσιν
291 654 346 726 οὐκ
373 661 544 727 ἐλυσιτέλει.
580 664 658 750 φασὶ
688 661 751 749 γὰρ
780 662 811 727 οἳ
843 668 900 747 τῆς
931 663 1089 736 πολιτείας
1111 667 1183 747 τῆς.

21 800 35 825 κ
118 767 196 853 παρ’
217 763 292 850 ὑμῖν
313 764 449 851 ἔμπειροι
472 764 529 850 τὴν
555 766 612 849 μὲν
640 764 763 852 εἰρήνην
791 760 927 846 πόλεμον
948 762 1054 840 αὐτοῖς
1077 761 1160 857 εἶναι,

117 869 180 952 4’τὸν
199 870 236 934 δὲ
256 868 391 951 πόλεμον
413 866 536 954 είρήνην
557 893 586 932 κ.
608 890 636 933 τ.
659 872 687 932 λ.
710 863 732 929 l.
757 889 783 931 c.
807 890 841 958 p.
869 865 939 933 163.
1154 952 1158 959 Ι

212 970 272 1036 llis
295 972 399 1061 igitur
421 968 603 1059 exploratis,
625 969 817 1034 Anaxinum
834 967 1013 1036 verisimile
1037 987 1087 1037 est
1111 962 1164 1063 apl

123 1076 373 1166 propinquante
405 1071 494 1139 bello
527 1072 665 1165 Olymp.
690 1072 786 1154 CIX,
813 1071 836 1157 4
866 1089 1001 1145 exeunte
1024 1073 1165 1141 Athenis
1199 1134 1202 1139 ε

126 1176 402 1268 comprehensum
431 1200 510 1243 esse.
554 1177 745 1270 Repetitum
773 1176 864 1242 enim
889 1169 1014 1244 bellum
1037 1195 1089 1261 cst
1112 1174 1166 1244 Ol.

126 1280 199 1360 CX,
227 1304 237 1346 1
264 1281 400 1346 ineunte
422 1286 462 1362 (v.
485 1299 588 1347 nostr.
619 1306 691 1372 cap.
720 1281 753 1344 h.
784 1281 835 1369 7),
864 1277 1065 1346 Aeschinem
1089 1302 1167 1348 vero

126 1408 205 1449 cum
226 1384 379 1449 Anaxino
402 1387 607 1476 conspirasse
630 1383 713 1450 dicit
735 1382 975 1450 Demosthenes
998 1401 1075 1449 ante
1099 1382 1169 1451 hel:

125 1487 198 1551 lum
220 1486 328 1579 palam
350 1485 630 1578 redintegratum:
660 1492 710 1554 καὶ
737 1488 773 1552 τὸ
804 1489 862 1572 μέν
884 1485 923 1572 δὴ
945 1485 1006 1574 πρὸ
1029 1493 1087 1553 τοῦ
1111 1498 1171 1555 ποὲ

125 1597 227 1675 λεμεῖν
256 1598 398 1680 φανερῶς
428 1595 690 1677 συναγωνίζεσθαι
724 1593 868 1682 Φιλίππῳ
896 1589 997 1656 δεινὸν
1024 1593 1085 1673 μέν
1109 1592 1171 1658 σῖτ’.

126 1693 169 1760 de
197 1712 264 1761 cor.
287 1721 321 1788 p.
345 1695 418 1785 274.
444 1734 483 1746 -
508 1695 756 1762 Testimonium
777 1697 905 1786 itaque,
929 1693 972 1759 de
993 1693 1172 1762 Aeschinis

127 1797 336 1888 Anaxinique
364 1799 551 1891 colloquio,
581 1797 685 1891 quod'
704 1814 803 1864 exstat
822 1799 867 1897 ¹iu
901 1821 947 1865 or.
979 1796 1020 1864 de
1043 1822 1113 1866 cor.
1136 1818 1171 1892 p'.

128 1903 203 1991 273,
233 1901 349 1968 datum
381 1904 600 1969 Demostheni
624 1921 672 1969 est
692 1920 870 1995 postquam
902 1903 1073 1967 Anaxinus
1104 1904 1174 1969 iam

122 2024 176 2097 sest
198 2007 307 2098 capite
329 2006 452 2097 plexus,
474 2025 511 2072 ut
532 2005 683 2074 indicant
703 2005 804 2073 verba
820 2005 978 2096 Ἀναξίνῳ,
1002 2005 1037 2083 ὃς
1057 2005 1174 2093 ἔκρίθη

127 2107 205 2175 εἶναι
245 2109 441 2188 κατάσκοπος
487 2112 573 2198 παρὰ
618 2113 792 2177 Φιλίππου·
852 2111 890 2175 in
932 2135 1029 2177 causa
1067 2103 1174 2174 nimia

82 2196 88 2215 ⁸
128 2235 223 2294 rum,
254 2238 356 2305 quam
384 2213 696 2283 ei.intendisse1se
726 2213 827 2280 refert
847 2214 1029 2280 Aeschines
1063 2237 1112 2282 or.
1136 2216 1175 2280 in

26 2306 28 2311 ⁵
130 2315 219 2384 Ctes.
240 2343 275 2410 p.
299 2321 352 2386 85.
366 2319 396 2397 xf.
443 2321 536 2405 Quae'
559 2343 655 2386 causa
677 2319 706 2385 si
729 2317 819 2384 dicta
845 2337 894 2385 est
915 2320 1075 2386 continuo
1097 2334 1177 2410 post

128 2418 277 2490 Anaxini
306 2421 571 2506 damnationem,
607 2425 835 2490 testimonium
862 2416 1079 2489 referenduni
1111 2423 1177 2488 erit

29 2538 31 2543 ⁴
129 2527 173 2594 ad
194 2529 340 2620 primam
367 2529 556 2620 prytaniam
579 2525 716 2619 Olymp.
741 2527 818 2608 CX,
855 2550 890 2608 1,
918 2544 956 2593 ut
978 2527 1048 2592 eius
1071 2527 1177 2603 verba

127 2633 311 2711 recentius,
346 2649 378 2696 et
399 2630 490 2696 haud
513 2630 614 2698 dubie
638 2630 680 2696 ad
702 2655 800 2697 usum
822 2631 959 2698 actionis
982 2630 1025 2697 de
1039 2653 1177 2716 corona

129 2733 259 2800 addita:
283 2725 376 2799 αὗται
397 2735 603 2820 ἀπεδόθησαν
623 2737 657 2801 αἶ
677 2737 846 2822 μαρτυρίαι
868 2738 916 2803 ἐπὶ
938 2737 1059 2815 Νικίου,
1080 2731 1178 2800 Ἕκα-

128 2844 325 2921 τομβαιῶνος
346 2839 436 2926 τρίτῃ
459 2838 626 2922 ἱσταμένου
648 2838 886 2906 demonstrant
931 2839 980 2906 Eo
1004 2863 1093 2918 anno
1116 2863 1179 2903 au-

128 2959 199 3008 tem
221 2967 326 3034 quum
341 2941 604 3034 Theophrastus
632 2943 802 3034 Eponymi
831 2936 1025 3035 magistratu
1057 2942 1179 3033 funge-

128 3064 236 3126 retur,
272 3045 405 3113 Niciam
433 3069 547 3112 rursus
568 3043 677 3138 liquet
697 3046 982 3139 pseudeponymis
1003 3060 1084 3112 'esse
1115 3070 1179 3111 an-

129 3148 387 3230 numerandum,
411 3151 447 3216 in
471 3174 539 3242 quo
562 3152 688 3217 mirum
716 3154 815 3217 etiam
837 3168 900 3236 est,
928 3151 1082 3239 ἄρχοντος
1104 3172 1203 3226 οια-ι

108 3245 211 3321 *nino
233 3251 415 3343 non'addi,
439 3259 529 3348 quod
550 3250 590 3323 fit
611 3257 649 3322 in
670 3255 819 3350 reliquis.

129 3459 167 3547 4.
206 3485 242 3554 p.
265 3460 340 3551 248.
362 3466 413 3530 καὶ
434 3463 598 3554 Μεγάροις
623 3468 789 3551 ἐπιχειρῶν.

565 3570 649 3625 olymp.
665 3571 719 3619 clx,
735 3584 752 3612 ε.
768 3575 777 3588 “

219 3665 377 3736 Proximo
407 3664 485 3762 post
518 3695 571 3738 res
601 3673 638 3738 in
668 3673 780 3739 media
808 3673 947 3738 Graecia
978 3671 1176 3764 compositas

129 3789 286 3866 tempore
309 3797 414 3864 quum
435 3799 501 3840 una
531 3799 576 3871 en¹
592 3793 689 3866 parte
716 3779 754 3841 in
775 3774 1044 3869 Peloponnesum
1066 3792 1180 3843 aucto-

132 3879 267 3945 ritatem
289 3900 383 3942 suam
405 3877 600 3961 transferre,
624 3902 664 3944 ex
687 3877 790 3946 altera
813 3881 984 3950 Euboeam
1007 3882 1073 3949 sibi
1096 3902 1182 3952 asse·

132 4005 208 4048 rere
236 3980 416 4073 Philippus
443 3981 660 4064 moliebatur,
689 4008 770 4075 quas
793 4010 846 4052 res
870 3989 1031 4054 continuo
1055 3984 1184 4076 exposi.

132 4088 204 4154 turi·
223 4108 347 4165 sumus,
371 4081 471 4166 simul
487 4086 741 4176 Megarensium·
759 4098 899 4185 quoque
917 4092 1087 4156 civitatem
1111 4107 1184 4158 teu·
