2594 4672
219 394 391 468 Iummodo
422 418 548 461 annum
576 394 695 462 referri
726 416 897 487 sapone,
925 394 992 460 nisi
1018 389 1061 458 ad
1083 391 1141 459 Ol.
1165 392 1257 474 CVI,

183 492 186 498 ¹
214 502 256 586 -2,
285 503 361 568 satis
384 523 421 565 ex
448 486 717 567 antecedentibus
741 496 878 591 liquet.-
916 490 969 563 tn
986 492 1148 585 adhunc
1178 519 1258 565 sane

219 629 345 674 annum
368 603 506 670 omnino
535 603 709 670 referenda
730 603 810 682 sint,
838 603 867 668 si
890 597 1112 668 Charidemus
1134 602 1173 683 is,
1197 602 1279 694 qui

219 711 323 803 copiis
352 709 389 773 in
419 706 622 773 Salaminem
650 707 755 773 missis
785 706 967 798 praefuisse
997 706 1034 770 in
1062 695 1172 773 altero
1200 705 1260 771 dc·

219 831 307 881 creto
332 810 461 891 dicitur,
486 810 583 876 Orita
604 812 648 876 sit
668 811 738 890 ille,
769 812 863 875 cuius
885 810 1045 888 facinora,
1068 808 1259 899 perfidiam,

216 942 269 984 res
303 915 553 1006 gestasaccrbe
574 917 786 1006 persequitur
813 914 1046 980 Demosthenis
1068 915 1106 978 in
1128 913 1260 981 Aristo-

218 1038 342 1086 cratem
376 1019 490 1084 oratio.
543 1018 574 1083 Is
606 1020 697 1083 enim
725 1035 757 1083 et
788 1041 851 1109 per
880 1019 985 1110 ipsius
1011 1015 1096 1082 belli
1126 1017 1258 1108 socialis

217 1125 372 1216 spatium,
397 1139 430 1187 et
450 1122 642 1212 insequenti
674 1140 822 1214 tempore
853 1145 960 1213 usque
989 1116 1032 1186 ad
1061 1118 1118 1186 01.
1151 1121 1258 1204 CVII,

113 1314 117 1321 ⁶
222 1251 231 1292 1
239 1277 249 1308 ‚
273 1248 339 1318 quo
362 1224 471 1291 habita
494 1243 542 1290 est
564 1227 668 1292 oratio
692 1227 729 1291 in
740 1220 1099 1294 Aristoc1·.secundum
1115 1225 1258 1316 Dionys.

216 1354 268 1421 ep.
299 1328 341 1396 ad
363 1331 474 1394 Amm.
507 1328 538 1417 5.
560 1328 639 1418 41),
671 1328 874 1396 conducticii
905 1331 1064 1396 exercitus
1087 1327 1157 1394 dux
1189 1347 1260 1396 erat

217 1431 307 1525 apud
334 1432 505 1497 Thracum
532 1455 644 1523 regem
676 1431 939 1526 Cersobleptem,
975 1449 1155 1525 cognatum
1192 1433 1258 1499 sibi

217 1524 309 1602 etin
332 1533 469 1601 tutelam
491 1560 510 1600 a
534 1535 639 1627 Cotye
660 1538 755 1628 patre
785 1536 868 1604 olim
889 1537 1064 1617 traditum,
1098 1535 1136 1601 id
1166 1537 1259 1627 quod

122 1718 124 1722 Α
216 1638 396 1704 clarissime
419 1640 516 1705 exiis
539 1640 659 1731 liquet,
684 1664 767 1732 qnae
779 1642 987 1733 exposuimus
999 1639 1085 1733 adp.
1104 1639 1175 1730 194.
1187 1659 1257 1711 not.

215 1766 246 1807 2.
280 1734 386 1808 ¹Idem
408 1767 485 1810 vero
509 1742 627 1810 eodem
649 1762 798 1837 tempore
821 1769 941 1836 magna
964 1744 1054 1834 apud
1069 1745 1257 1811 Athenien-

215 1869 264 1911 ses
299 1845 438 1912 florebat
454 1888 456 1892 ⁴
472 1848 693 1913 auctoritate·
723 1850 946 1939 *Quamquam
979 1849 1070 1914 enim
1103 1847 1256 1915 nondum

215 1946 428 2014 Atheniensis
463 1950 672 2040 imperatoris
713 1954 923 2042 provinciam
958 1952 1253 2035 administraverat,

216 2069 327 2117 tamen
350 2069 426 2117 ante
454 2053 522 2118 iam
553 2054 684 2145 saepius
713 2055 755 2119 ah'
782 2056 1041 2122 Atheniensibus
1071 2056 1251 2123 conductus

214 2154 334 2229 fuerat
351 2155 386 2221 in
409 2153 523 2237 bellis,
554 2153 639 2247 quae
669 2156 821 2251 adversus
851 2158 1114 2265 Amphipqlitas,
1144 2158 1253 2251 Olyn-

213 2258 312 2340 thios,
336 2277 368 2326 et
390 2260 425 2324 in
448 2261 520 2350 ipsa
543 2253 678 2353 quoquc
692 2263 897 2332 Chersoneso
922 2248 1069 2355 gerenda
1091 2265 1137 2349 cis
1161 2282 1254 2330 erant

214 2380 290 2428 ante
319 2362 375 2428 01.
407 2362 485 2444 CV,
514 2366 552 2445 3,
583 2365 755 2459 multaque
786 2369 846 2435 eis²
866 2368 973 2435 officia
1000 2393 1108 2461 usque
1132 2368 1175 2436 ad
1198 2369 1252 2435 01.

216 2464 330 2547 CVII,
367 2457 379 2532 i
415 2468 631 2558 praestiterat.
677 2468 830 2538 Primum
858 2458 950 2541 enim
976 2496 1039 2564 per
1061 2489 1128 2540 tres
1151 2497 1251 2541 annos

299 2777 350 2841 καὶ
380 2775 481 2886 δῆμον
508 2781 649 2885 Kallias
673 2785 713 2850 o.
745 2778 808 2848 εἷπε
837 2783 884 2849 ὅτι
912 2787 1000 2850 δοκεῖ
1020 2791 1060 2872 τῇ
1081 2791 1182 2874 βουλῇ
1202 2787 1249 2852 nol

299 2869 344 2952 τῷ
373 2865 478 2955 ὃημῳ,
510 2871 577 2932 huic
603 2867 782 2950 πρυτάνεων
812 2871 963 2956 λεγόντων
989 2878 1108 2957 βουλῆς
1135 2870 1246 2960 γνώμῃ.

299 2955 380 3016 Haec
420 2955 498 3016 haud
531 2959 711 3020 incommode
749 2961 881 3023 addenda
924 2963 1096 3024 videbantur
1135 2965 1172 3025 ad
1209 2986 1247 3041 ea,

299 3065 375 3124 quae
405 3040 443 3101 de
475 3043 605 3106 formulis
633 3047 688 3107 illis
715 3048 745 3107 in
773 3050 937 3110 universum
966 3049 1122 3133 disputavit
1143 3052 1247 3112 Schoe-
1275 3095 1278 3103 ·

297 3151 416 3190 munus
438 3128 475 3190 de
499 3131 606 3218 Comit.
628 3131 747 3244 Ath'l’·
773 3155 812 3212 99
835 3158 903 3220 sqq.

255 3244 280 3326 *)
300 3250 345 3309 Eo
376 3272 452 3312 auno
483 3255 643 3313 orationem
669 3255 741 3314 hanc
769 3278 800 3316 re
822 3258 902 3316 vera
918 3257 1042 3318 habitam
1063 3281 1137 3336 esse,
1158 3260 1269 3343 liquet'

221 3360 224 3365 ·
296 3356 367 3416 prae
396 3341 498 3398 ceteris
528 3361 564 3400 ex
589 3362 621 3422 p.
653 3346 731 3418 661,
762 3344 809 3402 tthi
831 3345 966 3426 Phayllus
1004 3362 1245 3422 commemoratur,

297 3420 489 3484 Phocensium
511 3427 677 3508 imperator.
722 3429 749 3488 Is
776 3431 852 3489 enim
878 3432 1048 3493 subsecutus
1076 3434 1106 3492 in
1128 3433 1244 3515 imperio

298 3523 342 3567 est
377 3509 588 3572 Onomarchum
621 3513 751 3592 fratrem,
792 3517 841 3576 Ol.
880 3517 967 3596 CVI,
999 3517 1021 3590 d
1058 3542 1075 3580 a
1111 3520 1244 3602 Philippo

296 3595 326 3653 in
347 3595 493 3657 Thessalia
520 3601 626 3665 victum
654 3617 683 3660 et
712 3617 859 3681 necatum,
889 3605 942 3664 sed
964 3607 1011 3666 01.
1033 3607 1089 3666 iam
1113 3607 1206 3683 CVII,
1228 3626 1240 3664 a

296 3697 427 3741 mortuus
457 3685 619 3766 imperium
640 3686 757 3747 tradidit
790 3691 947 3768 Phalaeco,
984 3693 1160 3754 Onomarchi
1190 3693 1243 3752 filio

295 3768 455 3854 secundum
483 3771 607 3832 Diodor.
634 3774 724 3850 XVI,
756 3778 806 3837 38.
855 3780 894 3838 Et
922 3778 1004 3861 quod
1030 3777 1187 3862 Philippus
1216 3800 1243 3861 p.

295 3859 355 3917 681
389 3855 569 3935 Maroneam,
605 3859 744 3920 Thraciae
771 3863 891 3941 urbem,
919 3866 1029 3925 venisse
1065 3864 1189 3946 dicitur,
1216 3863 1245 3926 id
1289 3912 1291 3917 .

294 3962 419 4091 quoque
443 3945 589 4025 pertinere
615 3946 730 4008 videtur
751 3949 790 4008 ad
817 3951 966 4012 Thraciam
998 3950 1130 4036 Philippi
1160 3974 1245 4038 expe·
1289 3944 1291 3951 ¹

317 4026 445 4110 ‘ticum
460 4029 520 4095 01.
532 4031 664 4114 evita
688 4051 858 4122 susceptam,
880 4037 920 4101 de
940 4060 998 4124 qna
1019 4062 1048 4104 r.
1070 4055 1133 4104 not.
1155 4063 1201 4129 sq.
