2594 4672
572 215 722 325 gm-

125 391 312 462 mosthenes
333 388 366 454 lv
387 396 425 475 τῇ
448 383 574 476 ἐπιαῦσῃ
595 387 724 476 Πυλαίρ
750 380 949 474 Philippum
981 380 1169 473 imperato-

121 521 199 575 rem
222 507 369 560 creatum
391 487 501 556 dicere
515 503 653 578 ,potem
673 483 721 575 (p.
746 485 825 572 277)
852 497 885 547 et
906 477 1005 547 simul
1029 503 1066 545 ex
1089 483 1167 574 ipso

127 597 259 681 demeto
289 589 571 684 Amphictyonico
606 583 796 666 ostendere,
834 582 958 651 lactum
984 582 1058 651 ¹hoc
1095 607 1168 653 esse

128 793 439 811 W

214 934 264 972 nas
293 911 422 983 allatum,
450 926 482 968 ut
509 906 730 969 Atheniensibus
757 905 816 964 suis
844 924 879 963 ex
909 902 986 963 lastis
1013 918 1172 982 constaret,

215 995 333 1080 qnando
355 997 441 1055 latum
464 1011 536 1055 esset
559 993 714 1054 decretum.
760 990 851 1049 Cuius
869 988 988 1072 quidem
1001 1010 1071 1050 usus
1093 1013 1183 1073 pro-2

214 1083 312 1144 babile
343 1081 504 1163 exemplum
532 1079 613 1140 dedit
640 1078 803 1139 Boechhius
831 1077 861 1135 in
884 1075 975 1157 Corp.
1019 1074 1194 1159 Inscriptt'

215 1170 284 1229 Vol.
307 1169 330 1229 l.
360 1168 446 1227 lnscr.
478 1167 634 1250 Delphicae
656 1188 686 1245 p.
712 1166 784 1226 805.
827 1162 890 1222 Lex
911 1177 954 1221 est
975 1161 1173 1243 Amphictyo·

177 1259 181 1265 ’
216 1258 279 1315 nica
307 1256 345 1315 ita
374 1256 527 1336 incipiens:
564 1247 697 1313 Πυθέου
724 1245 892 1331 ἄρχοντος,
920 1238 1174 1323 Ἱπποθωντίδος

217 1338 327 1423 τρίτης
346 1334 611 1421 πρυτανευούσης,
645 1360 720 1420 quae
743 1336 886 1396 verissime
906 1328 1070 1396 Boeclthius
1094 1358 1174 1397 con-

218 1428 310 1488 tendit
337 1429 512 1510 praescripta
533 1425 652 1486 Athenis
674 1441 757 1497 esse,
787 1438 819 1481 ut
841 1419 1064 1483 Atheniensibus
1096 1416 1175 1484 eon·

139 1562 145 1570 s
219 1504 315 1590 stardt,
338 1513 454 1599 quando
476 1513 530 1572 lata
551 1513 598 1571 lex
620 1526 702 1571 esset.
725 1511 829 1569 -At
859 1504 999 1568 eiusmodi
1022 1529 1080 1568 non
1106 1532 1188 1581 csse¹

165 1604 169 1611 ’
218 1615 349 1661 nostrum
378 1600 458 1659 illum
486 1599 736 1662 Anthesterionem
764 1593 840 1657 XVI
875 1593 1022 1654 evidenter
1062 1593 1177 1659 docent

107 1716 110 1721 ·
181 1706 184 1711 ’
219 1680 421 1747 Demoslltenis
443 1685 544 1746 verba:
576 1678 641 1764 λέγε
669 1676 708 1762 δὴ
735 1678 785 1743 καὶ
807 1672 880 1750 τοὺς
897 1672 1041 1760 χρόνουςῇ
1066 1676 1101 1743 ἓν
1124 1673 1190 1766 οἷς

111 1840 114 1845 ,
220 1771 306 1834 ταῦτ’
327 1769 468 1852 ἐγίγνετο.
491 1770 547 1833 elol
568 1765 628 1851 γὰρ
649 1763 723 1829 καθ’
746 1762 800 1839 οὓς
821 1760 1048 1847 ἐπυλαγόρησεν
1066 1755 1187 1843 οὗτος.Ι

220 1863 293 1920 Nam
314 1862 342 1918 in
365 1860 425 1930 his,
458 1858 542 1940 quod
570 1878 657 1939 supra
685 1857 740 1915 iam
762 1855 868 1931 monui,
889 1853 989 1913 ‘caritot
1019 1854 1174 1918 manilesto

222 1946 259 2006 ad
280 1962 435 2026 utrumque
459 1942 606 2003 decretum
619 1942 887 2023 Amphictyouicum
897 1940 1034 2022 pertinet,
1056 1944 1173 2024 quippe

223 2030 307 2112 quod
334 2031 541 2091 Demosthenes
572 2022 639 2108 λέγε
668 2021 801 2109 χρόνους
835 2025 925 2099 dicat,
957 2044 1015 2085 non
1042 2018 1168 2109 χρόνον.

223 2119 324 2199 ltaque
354 2116 442 2201 verba
470 2114 670 2175 Demosthenis
699 2115 745 2173 illa
778 2114 832 2172 hoc
861 2110 917 2171 sihi
939 2112 1056 2174 volunt:
1093 2135 1166 2192 „nec

225 2225 300 2286 qum
332 2218 456 2284 utroque
483 2203 532 2262 illo
564 2201 682 2262 decreto
704 2202 900 2277 continentur,
933 2198 1052 2281 quando
1081 2198 1178 2274 lanae

224 2293 290 2367 sint,
312 2284 465 2350 constabit
481 2310 516 2349 ex
545 2310 582 2351 εο
606 2304 752 2370 tempore,
786 2309 847 2370 quo
869 2285 1025 2346 Aeschines
1052 2301 1173 2355 munere

223 2377 381 2460 Pylagorae
403 2375 591 2459 fungebatur:
628 2374 717 2436 factae
740 2376 814 2434 enim
837 2393 887 2432 eae
908 2385 992 2448 suut,
1019 2371 1091 2434 dum
1113 2377 1177 2436 Ae·

223 2465 334 2524 schines
345 2463 500 2544 Pylagoras
522 2479 597 2539 erat„
613 2463 727 2544 quippe
740 2462 801 2544 ‚qui
823 2461 878 2519 hoc
899 2478 1018 2535 munere
1036 2477 1178 2544 suscepto

224 2549 476 2629 Amphissensibus
503 2551 560 2609 reis
587 2547 666 2631 apud
695 2546 926 2628 'Amphictyones
953 2545 1049 2625 sactis,
1071 2563 1177 2611 auctor

224 2630 363 2709 exstiterit
383 2637 488 2716 prioris
511 2635 738 2717 posteriorisque
761 2633 897 2694 decreti.“
941 2630 1096 2694 Manifesto
1120 2635 1195 2717 igi-¹¹

224 2736 273 2781 tur
302 2722 510 2781 Demosthenes
539 2720 720 2780 decretorum
747 2736 876 2802 tempora
906 2716 1025 2778 delinire
1056 2714 1118 2781 v'ult
1140 2743 1178 2783 ex

227 2829 262 2866 eo
285 2822 431 2888 tempore,
455 2830 515 2887 quo
537 2807 692 2867 Aeschines
713 2808 868 2890 Pylagoras
895 2804 991 2866 luerit.
1035 2806 1103 2867 Hoc
1124 2830 1180 2868 au-

225 2909 283 2952 tem
313 2893 424 2952 definiri
455 2893 584 2951 facillime
614 2908 726 2974 poterat
749 2916 784 2954 cx
813 2884 932 2953 decreto
970 2891 1007 2951 de
1045 2893 1177 2956 creandis

226 2981 394 3062 Pylagoris,
417 3002 484 3040 vere
507 2979 555 3039 Ol.
579 2979 652 3056 CX,
687 3001 698 3040 t
724 2982 843 3041 Athenis
864 2981 932 3041 latoss
975 2981 1021 3041 Ex
1042 2981 1099 3041 hoc
1120 2983 1177 3064 igi·

203 3082 276 3128 *tur
297 3066 415 3126 decreto
438 3066 621 3148 desumptum
643 3088 704 3128 esse
733 3083 812 3149 patet
840 3067 1018 3143 archontem,
1046 3070 1180 3130 etiamsi

226 3177 284 3213 non
307 3152 517 3226 Mnesithidem‚
540 3169 569 3212 et
589 3155 836 3215 Anthesterionem
866 3153 951 3231 XVI,
972 3152 1107 3237 adeoque
1129 3177 1181 3217 re-

228 3239 377 3301 ferainon
400 3262 484 3322 posse
507 3240 615 3300 adver
638 3240 686 3301 0l.
716 3241 789 3318 CX,
820 3264 848 3302 2.
891 3242 997 3323 Neque
1019 3243 1113 3320 enim,
1144 3259 1180 3304 ut

228 3327 284 3385 hoc
307 3327 390 3386 etiam
412 3327 505 3387 statim
527 3325 638 3403 addam,
660 3327 709 3388 Ol.
733 3327 800 3406 CX,
824 3350 861 3402 2,
885 3329 999 3387 ineunte
1022 3327 1076 3388 iam
1098 3353 1179 3391 novo

228 3433 301 3471 anno
323 3413 572 3493 Amphictyonico,
598 3415 753 3474 Aeschines
780 3413 1050 3497 adhuel‘ylagoras
1080 3418 1181 3498 potnit

229 3520 301 3558 esse.
343 3500 416 3558 Nam
438 3498 596 3580 Pylagorac
610 3496 720 3561 'munus
742 3522 864 3561 annuum
880 3516 957 3561 certe
974 3502 1096 3583 spatium
1119 3526 1180 3565 non

229 3585 391 3661 excessisse,
413 3587 567 3646 Aeschines
589 3585 675 3646 docet
696 3587 816 3647 afferens
846 3582 934 3647 verba
954 3587 1063 3648 decreti
1084 3613 1102 3650 a
1115 3592 1182 3651 De·

228 3672 375 3730 mosthene
404 3671 452 3730 lati
482 3673 568 3732 haec:
595 3667 652 3734 τὸν
680 3667 888 3753 ἱερομνήμονα
903 3676 979 3737 τῶν
1000 3669 1183 3756 Ἀθηναίων

228 3751 366 3827 καὶτοὺς
381 3751 570 3838 Πυλαγόρας
590 3754 680 3833 τοὺς
701 3755 758 3821 ἀεὶ
781 3761 1099 3842 ,πυλαγοροῦντας
1121 3786 1182 3825 πα-

232 3836 377 3923 ρεῦεσθαι
408 3842 449 3914 εἰς
470 3839 581 3917 Πύλας
610 3844 660 3907 καὶ
690 3845 732 3919 εἷς
754 3843 915 3930 Δροφοὺς,
936 3846 981 3921 ἐν,
994 3850 1060 3923 τοῖς
1087 3871 1182 3913 τετα-

184 4002 188 4010 .
230 3926 353 4017 γμὲνοις
371 3923 512 4010 χρόνοις·
536 3955 577 4013 or.
601 3935 629 3993 in
647 3934 726 4013 (ἔτεα.
746 3956 829 4016 μμ
845 3936 922 3997 med.
939 3984 944 3995 .
967 3932 1077 4001 Coma
1090 3957 1183 4020 quot-

135 4037 138 4042 ’
233 4019 310 4079 annis
336 4040 426 4079 novos
454 4018 622 4105 Pylrgotjas
639 4035 748 4103 creatos
782 4018 844 4099 esse.
868 4045 906 4101 ea
934 4025 1181 4106 ipsonAeschinc
