2580 4680
695 252 760 322 268

208 426 328 509 XXII,
364 424 494 492 duobus
526 441 615 517 post·
639 447 790 519 pugnam
824 424 991 492 mensibus
1024 409 1247 519 dimidioque,

158 535 161 540 ’
209 532 303 626 quod
330 530 473 624 spatium
511 529 640 596 brevius
676 528 846 609 videatur,
881 551 982 620 quam
1008 545 1107 623 uteo
1130 545 1250 601 omnes'

207 637 278 718 illi,
318 642 401 727 quo's
431 633 670 700 Demosthenes
699 650 865 712 numerat,
899 633 1043 724 impetus
1074 636 1247 725 potuerint

206 740 357 832 reprimi.
408 737 704 803 Verumeuimvero
750 756 884 829 praeter
915 725 1008 828 quod
1047 738 1246 807 Demosthe·

207 869 267 911 nes
289 840 440 936 pericula
468 839 526 906 illa
554 844 678 923 structa
700 841 763 906 sibi
791 865 859 906 esse
882 839 965 907 dicit
988 842 1146 909 continuo
1169 859 1249 934 post

124 979 126 983 ¹
206 946 337 1015 cladem
367 962 552 1037 acceptam,
591 943 683 1037 quod
719 945 864 1037 impetus
901 942 974 1011 illos
1008 948 1081 1011 aad*
1111 944 1246 1035 ἑκάστην

205 1050 315 1137 σχεδόν
333 1075 363 1116 τι
390 1046 511 1137 ἡμέραν
538 1051 702 1141 excepisse
729 1056 763 1116 se
786 1050 847 1131 ait,
878 1072 1000 1143 eosque
1030 1067 1172 1117 tentatos
1204 1056 1245 1119 ab

206 1154 400 1222 adversariis
431 1177 500 1218 esse
529 1152 565 1218 οὗ
596 1155 634 1219 δι’
663 1151 782 1220 ἑαυτῶν
810 1153 846 1220 τό
876 1179 910 1239 ys
937 1159 1062 1241 apricos
1091 1154 1171 1220 ἀλλὰ
1204 1144 1245 1222 δι’

124 1272 127 1279 ’
204 1252 249 1328 ὧν
269 1258 405 1344 μάλιστα
426 1253 646 1341 ὑπελάμβανον
676 1256 942 1344 ἀγνοηθήσεσθαι,
966 1257 1005 1323 id
1027 1258 1119 1349 quod
1141 1249 1247 1327 adid

205 1363 364 1456 temporis
399 1377 606 1427 momentum
639 1377 787 1453 spectare
814 1359 963 1442 videtur,
996 1363 1034 1427 in
1063 1384 1132 1453 quo
1158 1386 1245 1454 paee

203 1488 280 1538 cum
306 1465 466 1558 Philippo
488 1463 640 1532 nondum
663 1484 717 1533 aut
738 1467 793 1532 'vix
816 1467 1000 1556 composita
1020 1465 1244 1557 periculosius

200 1570 307 1640 'videri
330 1568 523 1636 adversariis
556 1585 696 1662 poterat,
720 1570 748 1635 si
771 1570 836 1662 ipsi
859 1587 1014 1662 recteque
1035 1572 1087 1636 via
1110 1572 1148 1636 in
1171 1573 1245 1640 De-

200 1676 409 1767 mosthenem
438 1674 691 1754 inveherentur,
721 1697 822 1765 quem
849 1691 921 1740 tum
954 1674 1099 1768 populus
1128 1664 1255 1745 adhuc.

199 1780 311 1849 salutis
333 1803 410 1845 suae
433 1775 587 1844 columen
598 1778 868 1870 praesidiumque
880 1781 1084 1862 aestimabat3
1106 1799 1240 1872 reputa,

200 1902 416 1955 oratorem
445 1881 505 1948 illa
533 1880 641 1972 loqui,
677 1900 708 1949 et
737 1880 779 1947 de
812 1883 910 1948 rebus
943 1880 1078 1974 Olymp.
1104 1883 1186 1966 CX',
1220 1889 1240 1956 3

199 1991 297 2082 gestis
330 1987 430 2052 verba
457 1985 565 2051 facere
596 1984 734 2079 Olymp.
767 1985 880 2067 CXII,
913 1988 949 2067 3,
981 2010 1050 2078 quo
1085 2004 1271 2086 tempore·

199 2092 282 2185 quid
314 2092 351 2155 ni
375 2092 515 2157 oratoria
538 2092 675 2156 arte'ita
696 2115 769 2156 rem
791 2114 949 2181 exornare
970 2108 1117 2183 poterat,
1149 2097 1238 2162 acsi

199 2196 383 2288 Ctesiphon
406 2193 621 2260 confirmatus
644 2191 762 2285 populi
791 2197 954 2262 constanti
976 2196 1013 2260 in
1035 2219 1069 2261 se
1091 2196 1238 2268 benevo-

195 2302 310 2382 lentia,
338 2301 419 2366 item
447 2299 546 2364 etiam
572 2296 723 2364 iudicum
749 2301 950 2381 auctoritate,
974 2297 1238 2370 collaudandum

195 2404 230 2474 'se
261 2422 294 2472 et
324 2401 553 2484 coronandum
586 2405 806 2496 proposuerit.
859 2405 992 2470 Poterat
1020 2403 1124 2493 igitur
1155 2406 1235 2474 Cte-

194 2509 356 2604 siphontis
377 2506 428 2573 lex
451 2509 549 2572 etiam
579 2508 689 2572 inter
718 2504 792 2574 illos
823 2508 965 2598 impetus
986 2506 1077 2572 ferri.
1124 2510 1234 2578 Immo

193 2618 267 2708 ipsa
289 2612 348 2677 illa
378 2607 543 2702 pericula,
567 2611 689 2701 quihus
712 2613 870 2678 continuo
891 2611 968 2703 post
980 2609 1109 2678 cladem
1125 2614 1236 2683 Chae-

192 2717 370 2786 ronensem
403 2712 643 2779 Demosthenes
667 2714 884 2797 obruebatur,
919 2711 974 2780 aut
1002 2715 1161 2785 obrutum
1190 2721 1234 2787 iri

193 2824 228 2889 'se
257 2817 441 2897 metuebat,
476 2819 637 2882 acerrime
660 2835 692 2884 et
719 2819 830 2911 ipsum
852 2817 1054 2910 compellere
1075 2840 1234 2912 poterant

194 2926 238 2994 ad
265 2921 517 3017 liberalitatem,
545 2946 612 3013 qua
644 2919 907 2988 adversariorum
928 2924 1071 3015 impetus
1096 2950 1136 2993 eo
1160 2952 1234 2994 cer-

192 3034 257 3101 tius
291 3030 473 3120 reprimere
501 3043 627 3118 posset,
658 3043 691 3091 et
719 3025 971 3118 Ctesiphontem
1004 3029 1162 3114 excitare,
1194 3049 1232 3100 ut

192 3133 345 3204 nondum
369 3131 519 3224 deposito
551 3156 569 3196 a
591 3130 813 3198 Demosthene
835 3156 984 3210 munere,
1007 3132 1156 3200 necdum
1178 3160 1233 3202 re·

159 3240 264 3324 „latis
286 3237 469 3304 rationibus
492 3236 720 3304 coronandum
749 3257 826 3299 eum
852 3237 981 3301 senatui
1010 3258 1229 3331 proponeret

191 3343 330 3429 Scilicet
361 3340 562 3432 Ctesiphon,
596 3337 776 3431 quodiam
807 3338 970 3430 Taylorus
994 3342 1231 3413 animadvertit

188 3445 332 3540 (Proleg.
365 3444 406 3509 ad
437 3469 483 3512 or.
509 3443 549 3510 de
572 3452 663 3527 con),
692 3443 728 3509 id
758 3466 836 3507 sane
859 3443 998 3510 co'nsilio
1022 3469 1079 3513 suo
1102 3450 1229 3540 petisse

187 3554 335 3629 videtur,
377 3566 425 3628 ut,
461 3548 673 3641 comprobata
707 3545 915 3639 praeiudicio
945 3566 1075 3615 senatus
1090 3550 1228 3620 'virtute

114 3666 118 3674 “
183 3652 430 3732 Demosthenis,
449 3653 682 3719 obtrectatores
706 3653 773 3717 eius
797 3651 836 3716 ab
859 3651 980 3718 invidis
1001 3651 1066 3718 illis
1090 3655 1229 3747 impeti-

186 3760 248 3826 bus
280 3758 535 3823 deterrerentur.
599 3755 658 3822 His
698 3756 788 3821 enim
826 3757 1015 3846 oppositum
1047 3760 1227 3830 manifesto

187 3882 236 3930 est
264 3859 480 3955 praeconium
507 3857 592 3924 illud
619 3861 656 3925 in
685 3859 912 3951 Ctesiphontis
941 3859 1093 3942 decreto,
1130 3888 1229 3932 coro·

185 3968 260 4037 nari
297 3963 553 4032 Demosthenem
587 3965 716 4032 virtutis
754 3964 857 4055 gratia
892 3983 925 4034 et
959 3965 1226 4051 benevolentiae,
