2594 4672
215 224 216 227 =
318 205 322 234 l

568 219 755 352 ...aa

155 438 227 536 cap.
250 414 296 497 11,
315 436 368 482 nr.
390 416 429 509 ¹7)
455 430 562 482 unum
583 415 693 498 affert,
723 413 817 510 quod
843 439 922 484 cum
942 417 1095 511 Pythone
1117 441 1209 511 con·
1272 418 1274 421 ’

155 519 341 612 spiraverit,
364 515 518 601 alterum,
540 519 632 612 quod
655 543 733 589 cum
760 521 933 603 Anaxino,
966 519 1118 616 Philippi
1140 548 1197 590 ex·

111 628 124 653 *
153 620 323 718 plor-atone
346 620 540 715 colloquens
561 623 606 690 sit
631 625 900 745 comprehensus.
950 623 1085 691 Deinde
1114 649 1196 718 quas
1279 668 1280 671 =

153 725 255 795 modo
279 727 484 794 enumeravit
508 726 723 795 Aeschinis
709 728 853 797 rniurias
883 744 960 794 ante
988 726 1115 796 bellum
1137 726 1197 796 de-

153 854 223 898 nuo
248 832 428 898 excitatum
457 831 499 896 ab
522 854 562 899 eo
590 848 808 924 perpetratas
818 854 887 898 esse
910 848 1062 915 testatur,
1091 857 1197 925 quum

115 955 125 1003 .·
154 934 263 1002 dicat:
286 938 337 1003 καὶ
358 935 395 1002 τὸ
417 935 475 1020 μὲν
503 935 542 1022 δὴ
564 935 638 1024 πρὸ
670 942 736 1004 τοῦ
757 941 938 1021 πολεμεῖν
959 943 1100 1025 φανερῶς
1121 961 1197 1005 συν-

154 1042 359 1126 αγωνίζεσθαι
392 1041 538 1129 Φιλίππῳ
571 1039 671 1106 δεινὸν
696 1041 754 1125 μὲν
780 1079 826 1092 -
854 1039 935 1106 κατὰ
962 1045 1020 1124 τῆς
1045 1043 1197 1127 πατρίδος

153 1169 182 1209 κ.
203 1168 232 1210 τ.
255 1150 283 1211 λ.
307 1139 364 1230 (de
387 1164 455 1208 cor.
477 1167 512 1233 p.
534 1143 629 1232 274),
653 1160 723 1210 tum
743 1165 823 1211 vero
847 1141 1001 1210 ultimam
1020 1143 1196 1210 Aeschinis

153 1245 436 1313 machinationem
458 1247 613 1345 exponit,
636 1260 702 1339 qua
722 1245 849 1313 bellum
868 1246 1119 1367 Amphissense‚
1140 1271 1198 1315 ex·
1254 1308 1255 1311 ,

157 1368 299 1418 tremam
321 1349 415 1417 illam
439 1339 598 1416 Graeciae
619 1350 818 1443 perniciem,
841 1352 1014 1434 excitavit3
1043 1349 1081 1434 id
1103 1337 1198 1444 quod
1221 1390 1224 1394 ⁴

153 1454 279 1522 factum
301 1476 371 1520 esse
394 1449 532 1546 Olymp.
556 1451 636 1533 CX,
668 1476 679 1520 t
706 1453 795 1520 infra
817 1455 903 1546 (cap.
925 1454 970 1538 V)
993 1453 1196 1537 ostendetur.
1233 1457 1237 1462 ’

155 1556 256 1626 Unde
279 1581 487 1649 consequens
520 1573 587 1636 est,
620 1571 653 1622 et
679 1556 880 1649 legationem
913 1555 1006 1623 illam
1034 1558 1197 1652 Pythonis

154 1680 189 1730 et
206 1687 253 1746 ea,
276 1684 362 1755 quae
375 1658 417 1727 de
431 1653 585 1728 Anaxino
596 1657 800 1744 reseruntm,
822 1663 910 1728 intra
921 1659 1061 1756 Olymp.
1074 1659 1197 1745 CVIII,

145 1791 174 1841 ,2
198 1785 231 1835 et
253 1765 392 1858 Olymp.
418 1765 491 1848 CX,
518 1787 627 1837 resse
645 1764 893 1851 constituenda.
969 1794 971 1797 ·

238 1871 300 1939 His
322 1872 424 1961 igitur
444 1871 481 1937 in
494 1869 689 1936 universum
701 1871 888 1938 constitutis
901 1865 944 1936 ad
960 1868 1199 1938 accuratiorem

153 1977 222 2043 iam
242 1999 357 2042 rerum
379 1993 637 2067 temporumque
658 1972 948 2066 investigationem
961 1975 1197 2041 convertimur.

151 2080 260 2170 Pytho
293 2079 350 2159 hic
382 2077 579 2168 Byzantius,
611 2079 707 2144 cuius
740 2078 889 2146 convicia
915 2079 952 2146 in
975 2078 1197 2146 Athenienses

153 2184 256 2264 effusa
276 2181 438 2249 retudisse
449 2203 485 2247 se
497 2180 739 2248 Demosthenes
751 2181 786 2248 h.
800 2181 824 2249 l.
837 2180 1012 2273 gloriatur,
1033 2183 1134 2252 homo
1147 2179 1198 2250 lo-

154 2283 283 2378 quendi
305 2283 463 2351 facultate
493 2281 673 2356 admodum
703 2282 807 2350 elatus
836 2285 971 2373 (Aesch.
1000 2313 1033 2352 π.
1056 2311 1195 2374 παραπρ.

152 2412 188 2483 p.
210 2388 265 2475 44.
286 2388 338 2474 1.),
361 2389 390 2454 si
411 2385 503 2454 idem
524 2403 590 2467 est,
613 2410 650 2454 ae
684 2412 787 2479 quem
807 2389 903 2455 Aeno
925 2386 1107 2456 oriundum
1128 2390 1197 2456 De-
1233 2454 1235 2457 .

151 2493 343 2560 mosthenes
366 2489 449 2569 alibi
470 2509 567 2558 vocat
588 2491 651 2580 (or.
674 2492 710 2558 in
731 2492 891 2558 Aristocr.
935 2516 970 2584 p.
992 2490 1124 2584 659)*),
1148 2494 1197 2560 ci·

150 2599 247 2666 vitati
269 2597 528 2664 Atheniensium
550 2593 634 2662 olim
657 2593 842 2686 adscriptus
863 2596 935 2662 tuit.
978 2596 1115 2690 Etenim
1129 2595 1197 2690 Py·

150 2703 209 2770 tho
240 2702 439 2800 cognomine
468 2699 607 2767 Aonius
629 2699 740 2792 Cotyn
761 2723 876 2790 regem
903 2698 1080 2799 Thraciae,
1112 2698 1195 2767 Cer·
1283 2747 1284 2751 =

149 2804 312 2898 sobleptis
332 2821 481 2897 patrem,
510 2827 616 2896 quum
630 2872 632 2877 .
645 2803 906 2872 Atheniensibus
936 2803 1043 2896 grain
1069 2827 1140 2872 esse
1162 2822 1195 2873 et
1268 2858 1270 2865 .

192 3107 392 3190 >Byzantius
421 3105 585 3190 saepissime
608 3105 785 3182 nominatur,
817 3105 982 3187 praeterh.
1005 3125 1048 3165 or.
1063 3103 1110 3165 de
1131 3127 1192 3166 cor.

206 3252 208 3257 ⁴
235 3195 256 3255 l.
249 3217 324 3342 ¹ap.
346 3194 451 3256 Aesch.
473 3215 506 3254 π.
529 3210 668 3274 παραπρ.
697 3215 730 3292 p.
752 3186 796 3264 44
823 3206 852 3252 et
878 3192 925 3251 in
934 3192 1085 3252 Demosth.
1108 3194 1192 3275 epist.

203 3294 204 3299 ’
263 3278 446 3365 ,Ρ.ι469;
468 3280 564 3360 Pytho
585 3279 725 3344 Aonius
717 3301 747 3339 tn
775 3299 819 3340 or.
840 3276 905 3338 adv.
927 3279 1067 3347 Aristone.
1089 3301 1193 3341 occur-

234 3281 325 3450 ritp.
355 3369 429 3450 659.
477 3366 695 3426 Inconstantiam
724 3365 901 3448 cognominis
929 3363 1006 3426 bene
1036 3367 1197 3449 explicasse

234 3454 372 3516 Reishius
400 3452 553 3514 videtur'
545 3474 574 3512 ur
603 3453 663 3513 ind.
695 3452 795 3512 histor.
824 3450 862 3512 ad
894 3452 999 3513 Dcm.
1009 3474 1035 3512 v.
1065 3453 1190 3534 Python.

236 3543 336 3603 Aenus
368 3539 441 3602 urbs
471 3537 668 3624 hauddubie
684 3559 717 3599 ea
739 3553 798 3616 cst,
819 3559 907 3622 quam
928 3540 957 3599 in
979 3537 1118 3600 Thraciae
1140 3562 1190 3600 ora

236 3627 275 3688 ad
295 3626 390 3693 Hebri
411 3627 536 3687 fluminis
558 3619 663 3686 ostium
684 3626 765 3686 sitam
785 3639 906 3710 constat,
926 3624 1005 3686 nude
1021 3627 1189 3709 Byzantium

236 3714 332 3796 Pytho
359 3713 540 3797 demigrasse
558 3711 687 3789 videtur,
713 3711 752 3772 ab
760 3733 875 3795 eaque
901 3712 975 3774 urhe
995 3713 1117 3774 alterum
1138 3735 1190 3773 eo·

236 3822 383 3901 gnomen
382 3801 563 3861 conuenisse.
606 3800 707 3862 Solent
728 3798 804 3859 enim
827 3799 932 3861 Graeci
958 3798 1076 3862 eosdem
1097 3801 1190 3859 homi·

236 3909 288 3947 nes
309 3887 428 3969 geminis
450 3885 612 3947 nominihus
634 3885 789 3969 appellare,
810 3884 903 3947 altero
920 3887 987 3952 loci.
1009 3907 1071 3968 quo
1093 3887 1121 3946 in
1143 3887 1190 3946 lu·

237 3997 299 4034 cem
322 3973 434 4056 quique
459 3972 629 4055 prodierint,
651 3973 755 4050 altero,
785 3993 846 4058 quo
872 3990 1000 4056 magnam
1026 3972 1101 4034 vitae
1122 3995 1191 4079 par·

220 4079 295 4137 ptem
315 4058 492 4145 peregerint.
