2594 4672
630 282 785 393 Q

192 460 401 528 Athenarum
422 473 498 550 post
519 452 648 524 cladem
670 453 713 521 ad
727 453 955 544 Chaeroneam
969 438 1070 518 status
1092 450 1146 519 his
1159 448 1234 520 ver·

192 567 244 633 his
279 561 492 628 describitur:
527 586 566 628 κα
568 562 627 626 ίτοι
656 563 722 626 κατ’
756 560 886 634 ἐκείνους
913 555 986 632 τοὺς
1009 554 1147 643 χρόνους
1178 559 1235 626 oda

192 669 275 736 έστιν
296 667 366 754 ἥτις
392 661 550 793 ηλικία’
516 689 552 730 ου
574 665 745 792 παρέσχετο
774 658 871 746 αὖτην
892 661 935 736 εἲς
956 657 1014 745 τὴν
1035 667 1093 747 τῆς
1114 656 1237 742 πόλεως

193 768 410 859 owrnplov,‘
399 767 449 834 άτε
471 764 491 852 ἦ
513 769 570 851 μὲν
587 766 678 855 χώρα
699 765 739 832 τά
761 766 875 852 δένδρα
897 762 1117 847 συνεβάλλετο,
1148 791 1180 831 οι
1169 767 1237 834 ‘dl

193 873 439 959 τετελευτηκότες
459 870 517 948 τάς
537 870 650 957 θήκας,
675 871 746 936 οἶά
727 869 843 935 ὃένέοι
865 865 1007 934 redula.
1030 865 1237 951 επεμελοῢντο

108 965 121 987 ”
193 979 253 1067 γάρ
277 978 385 1061 οἱμὲν
406 980 474 1058 τῆς
502 980 575 1040 τῶν
608 981 746 1057 τειχῶν
768 976 1028 1057 κατασκευῆς,
1058 971 1089 1036 οἳ
1111 973 1147 1038 δὲ
1169 980 1240 1058 τῆς

195 1089 270 1150 τῶν
299 1080 471 1167 τάφρων,
506 1078 537 1143 οἱ
567 1079 601 1142 δὲ
633 1083 699 1162 τῆς
717 1075 993 1164 χαρακώσεως·
1024 1075 1127 1153 οὐδεὶς
1149 1078 1177 1142 δ’
1200 1070 1241 1164 ἦν

196 1183 293 1270 άργάς
314 1190 377 1248 τῶν
399 1184 430 1247 ἐν
451 1187 490 1268 τῇ
512 1180 608 1247 πόλει.
852 1184 855 1191 “

285 1282 372 1348 Cum
402 1282 454 1346 his
476 1284 503 1348 si
533 1281 681 1348 conferas
706 1279 761 1360 id,
793 1272 885 1372 quod
907 1281 1152 1347 Demosthenes
1175 1282 1243 1348 trio

197 1384 258 1452 illa
281 1383 414 1463 talenta,
437 1384 579 1474 quaein
602 1381 865 1450 administrando
895 1389 1069 1467 τειχοποιοῦ
1094 1408 1243 1452 munere

198 1491 248 1555 rei
269 1488 425 1580 publicae
448 1486 656 1568 condonavit,
678 1488 713 1552 in
735 1484 842 1554 fossas*
855 1487 1050 1579 praesertim
1073 1487 1166 1553 circa
1185 1488 1245 1556 Pi·

198 1616 313 1660 raeum
342 1587 511 1661 ducendas
534 1591 828 1682 consumpserit*),
861 1613 975 1656 nonne
996 1588 1088 1679 ¹hanc
1112 1590 1244 1659 Demo-

198 1695 371 1764 stheneam
406 1717 580 1760 murorum
621 1692 882 1761 reficiendorum
921 1718 1034 1759 curam
1076 1692 1121 1759 ad
1166 1719 1244 1764 eam

130 1838 133 1845 ·
198 1803 306 1892 ipsam
339 1796 561 1864 calamitosam
595 1797 810 1887 Athenarum
839 1795 1067 1864 conditionem
1097 1801 1243 1868 omnino

199 1901 419 1971 revocandam
441 1925 509 1969 esse
531 1900 711 1967 concedes?
735 1901 796 1968 Sin
820 1903 942 1982 minus,
964 1924 1081 1968 vereor
1099 1926 1143 1968 ne
1166 1904 1242 1995 ipse

200 2025 233 2074 te
266 2007 376 2071 vincat
404 2003 662 2085 Demosthenes,
693 2007 764 2096 ipse
787 2007 884 2071 etiam
907 2005 1099 2071 Aeschines.
1143 2005 1242 2074 Illius

202 2112 293 2176 enim
314 2096 461 2200 primum
483 2108 671 2173 Dinarchus
694 2107 864 2175 decretum
895 2109 989 2174 affert
1010 2111 1059 2190 (in
1081 2108 1177 2175 Dem.
1200 2134 1238 2202 p.

203 2212 270 2302 56),
294 2235 361 2303 quo
385 2211 470 2276 cives
493 2214 541 2277 ἐπὶ
564 2211 604 2278 τά
626 2211 700 2299 έργα
728 2237 797 2278 sese
820 2213 971 2279 conferre
1001 2214 1082 2290 iussi
1103 2212 1241 2282 fuerint.

202 2318 365 2408 Ipse'vcro
378 2315 617 2381 Demosthenes
630 2315 827 2408 industriam
849 2341 941 2383 suam
954 2316 1144 2409 populique
1158 2341 1244 2385 con-

202 2439 344 2490 stantem
368 2443 444 2510 erga
466 2443 500 2484 se
522 2418 724 2486 voluntatem
745 2422 781 2485 in
805 2439 946 2486 extrema
975 2418 1031 2486 illa
1053 2423 1104 2486 rei
1126 2424 1245 2514 publi-

203 2550 260 2592 cae
288 2525 471 2592 calamitate
501 2523 552 2589 his
585 2526 783 2615 gravissimis
822 2525 931 2591 verbis
964 2523 1122 2592 celebrat:
1161 2529 1244 2614 μετά

202 2740 514 2759 m-

248 2855 451 2964 *)Aesch.1n
475 2859 554 2918 Ctes
576 2881 606 2940 p.
632 2863 680 2938 87.
715 2875 786 2964 ex'tr.
812 2860 849 2919 ad
871 2861 1108 2942 Ctesiphontem:
1139 2859 1227 2923 el
1185 2886 1244 2942 μεν

291 2940 350 3026 γάρ
374 2942 487 3052 λέγεις,
519 2939 615 3005 ὅθεν
644 2939 713 3050 τὴν
735 2941 859 3025 ἀρχὴν
881 2948 952 3007 τοῦ
972 2943 1244 3054 ψηφίσματος

292 3026 515 3110 έποιησω,’
498 3053 555 3092 οτι
577 3026 646 3103 τάς
667 3025 844 3138 τάφρους
865 3028 932 3105 τάς
953 3031 1039 3115 περὶ
1068 3029 1114 3094 τά
1137 3034 1242 3118 τείχη

292 3120 412 3190 καλῶς
432 3112 674 3204 ἐτάφρευσε,
706 3113 860 3198 θαυμάζω
891 3121 1021 3182 σοῦ.-
981 3122 1244 3185 -Demochares

295 3208 324 3266 in
352 3205 507 3288 depravato
536 3207 705 3266 decreto
697 3231 726 3266 1n
764 3208 905 3268 honorem
938 3209 1141 3268 Demosthenis
1175 3213 1243 3288 lato,

282 3291 376 3372 'quod
398 3307 486 3352 exstat
508 3314 553 3394 ap.
576 3282 715 3354 Pseudo·
721 3294 796 3352 Plut.
821 3297 869 3354 vit.
892 3295 932 3354 X.
955 3317 1014 3354 orr.
1037 3294 1105 3353 Vol.
1120 3295 1188 3356 XII.
1209 3321 1241 3380 p.

295 3381 373 3454 275.
390 3380 427 3438 H.
438 3381 621 3456 ,restitutis‚
651 3403 726 3463 quae
748 3382 923 3441 restituenda
945 3395 1025 3443 sunt:
1057 3377 1107 3439 καὶ
1130 3376 1179 3443 ὅτι
1202 3381 1244 3455 είς

256 3489 258 3493 ·
295 3486 353 3569 την
389 3466 576 3544 τειχοποιίαν
608 3460 884 3545 χειροτονηθεὶςς
868 3463 928 3528 υπὸ
952 3468 1007 3528 τοῦ
1038 3460 1139 3573 άημου
1173 3466 1244 3552 τρία

295 3546 431 3612 τάλαντα
459 3549 603 3627 ἐπέδωκε,
635 3547 703 3612 delo
732 3547 904 3657 τάφρους
935 3551 1019 3635 περὶ
1045 3549 1115 3613 τὸν
1144 3555 1245 3617 Πει-
1280 3604 1284 3609 -

205 3654 209 3660 ·
297 3640 385 3719 ραιοῖ
415 3633 653 3721 ταφρεύσας,
684 3633 763 3717 μετά
791 3660 848 3744 την
878 3638 910 3699 έν
931 3635 1109 3744 Χαιρωνείηι
1129 3637 1245 3723 μάχην.

298 3727 447 3785 Demosth
478 3727 516 3785 ‹le
546 3748 604 3785 cor.
627 3749 658 3806 p.
691 3728 769 3785 325:
801 3719 856 3784 τὸν
886 3723 919 3787 δὲ
941 3721 1099 3804 τειχισμὸν
1120 3732 1242 3806 τοῦτον,

297 3835 333 3872 ου
366 3807 404 3873 σά
433 3832 495 3894 ιου
516 3809 668 3894 διέσυρες,
696 3808 746 3871 καὶ
767 3831 824 3891 την
845 3811 995 3918 ταφρείαν
1015 3807 1087 3884 ἄξια
1104 3812 1167 3924 μὲν
1185 3810 1247 3895 χά·

301 3920 385 3977 ριτος
417 3836 465 3963 ahl
495 3897 620 3959 ἐπαίνου
648 3896 751 3977 κρίνω.
781 3931 821 3942 -
852 3894 973 3971 τούτοις
1012 3906 1078 3971 τοῖς
1097 3893 1149 3961 υπ’
1172 3897 1246 3982 ἐμοῦ

172 4046 177 4056 ,
299 3978 579 4089 πεπολιτευμένοις]
612 3981 674 4045 trel
668 4002 744 4062 χισα
765 3979 824 4065 τὴν
841 4006 949 4064 χωραν
970 3981 1092 4066 ουχὶ
1059 4007 1117 4048 τον
1137 3984 1248 4051 κάειλοκ

229 4127 232 4133 ,
296 4066 395 4155 μόνον
417 4073 473 4134 τοῦ
494 4069 650 4155 Πειραιῶς
672 4065 744 4135 οὐδὲ
765 4073 821 4136 τοῦ
841 4067 960 4146 άστεος.
