2594 4672
594 271 753 377 ..Eil-

155 440 360 536 perlunctur,
383 461 497 507 omnes
520 436 679 523 Graecos,
709 440 769 534 qui
791 463 810 506 a
831 463 867 507 se
896 438 941 508 ad
962 464 1053 509 arma
1075 465 1200 536 prouo-

60 624 63 634 ,
155 549 221 615 cati
243 561 367 627 essent,
394 543 661 613 Anthesterionis
690 545 773 613 XVI
800 543 843 621 ad
873 568 1052 615 commune
1083 552 1199 618 conci·

153 651 239 718 lium
260 649 408 716 Athenas
426 655 647 718 conventuros
669 673 755 716 esse:
777 648 898 716 Aesch.
921 649 945 716 l.
969 674 998 718 c.
1043 653 1198 744 Legatio-

4 774 8 778 '
44 798 47 803 ·
152 781 212 824 nes
234 756 336 848 igitur
357 751 430 820 illas
453 753 576 821 obierit
602 777 735 822 necesse
768 771 818 820 est
842 777 957 821 mense
986 752 1196 827 Gamelione.

152 863 246 946 Quae
268 860 296 926 si
318 855 534 932 demandatae
557 860 589 924 ei
610 859 687 940 sint,
712 856 803 950 quod
825 859 964 927 omnino
981 862 1195 938 statuendum

152 967 226 1048 erit,
247 981 426 1056 postquam
449 963 652 1029 orationihus
675 961 717 1028 de
741 962 901 1030 Cherson.
925 979 959 1030 et
967 961 1117 1058 Philipp.
1143 967 1194 1036 Ill

151 1069 194 1136 ad
214 1066 342 1135 bellum
363 1063 660 1158 redintegrandum
683 1067 813 1133 excitati
835 1084 945 1134 essent
958 1068 1193 1154 Athenienses,

149 1175 313 1243 orationes
341 1169 400 1236 has
431 1188 464 1237 et
493 1169 583 1237 haud
611 1167 711 1263 longo
742 1172 900 1263 temporis
931 1172 1129 1257 intervallo,
1161 1193 1194 1244 et

146 1301 261 1345 mense
282 1276 445 1367 nimirum
468 1277 746 1343 Maemacterione
768 1293 826 1343 aut
840 1269 1072 1368 Pyanepsione
1094 1279 1194 1348 habi-

139 1400 194 1448 tas
217 1405 286 1448 esse
308 1397 449 1473 oportet.

137 1520 140 1525 ·
234 1483 392 1552 Nostrum
414 1485 515 1575 igitur
538 1485 605 1552 iam
627 1502 686 1566 est,
709 1503 747 1552 ut
758 1487 946 1554 orationum
968 1483 1011 1552 de
1023 1485 1189 1559 Cher-son.

136 1594 178 1656 'e't
200 1587 346 1681 Philipp.
371 1588 421 1655 Ill
450 1593 600 1680 temp01a
628 1607 779 1656 accurate
806 1591 1078 1682 pervestigamus.
1114 1595 1189 1663 ,Eas

142 1694 326 1786 Dionysius
349 1692 424 1759 Hal.
446 1693 482 1759 in
496 1693 634 1784 Olymp.
650 1692 729 1759 ClX
752 1719 781 1760 a.
804 1696 824 1762 3
848 1694 988 1776 confert,
1013 1721 1080 1789 quo
1096 1723 1186 1767 anno

140 1822 179 1865 re
201 1821 353 1876 veraeas
374 1796 503 1863 habitas
526 1821 596 1864 esse
619 1798 771 1889 ipsarum
786 1800 976 1866 orationum
989 1820 1186 1892 argumenta

134 1904 293 1995 ‘apprime
325 1901 535 1988 confirmant.
580 1901 720 1969 Habitae
747 1904 839 1968 enim
860 1921 958 1984 sunt,
992 1903 1074 1971 dum
1102 1908 1186 1998 Phi·

139 2006 253 2103 lippus
274 2006 311 2071 in
332 2007 479 2072 Thracia
499 2005 706 2087 versabatur,
733 2000 769 2073 et
788 2003 1032 2097 expeditionem
1052 2009 1120 2075 iam
1142 2012 1182 2078 in

107 2164 110 2169 ,
137 2109 350 2202 Hellesponti
372 2111 524 2202 regiones
539 2107 747 2192 moliebatur,
769 2135 831 2201 per
853 2135 966 2204 quam,
988 2113 1079 2180 brevi
1100 2133 1178 2205 post

138 2226 335 2306 susceptam,
359 2212 497 2306 Olymp.
522 2214 612 2296 CIX,
634 2213 656 2301 4
678 2215 875 2282 Perinthum
889 2215 1065 2287 obsidione
1087 2217 1180 2285 clau-

136 2320 189 2400 sit,
213 2318 404 2412 deindeque
426 2320 633 2410 Byzantium.
678 2320 720 2388 V.
744 2345 791 2387 or.
816 2320 858 2387 de
881 2321 1043 2390 Cherson.
1065 2348 1100 2417 p.
1123 2348 1180 2415 90,

132 2426 197 2515 93,
219 2424 282 2516 94,
304 2427 364 2516 98,
392 2446 467 2506 roo,
494 2423 574 2511 ¹0l›
601 2427 671 2494 roh.
715 2425 805 2491 Phil.
830 2426 904 2508 III,
925 2451 961 2520 p.
988 2431 1069 2509 115,
1105 2433 1178 2513 118,

127 2551 209 2597 nno.
256 2528 308 2596 cf.
336 2515 409 2622 dap.
431 2513 471 2595 h.
498 2554 550 2596 nr.
574 2552 605 2620 7.
639 2523 845 2598 ”Accuratius
879 2552 1029 2624 tempora
1060 2533 1203 2626 exple-r

65 2683 68 2689 ·
101 2696 106 2713 .
128 2654 278 2715 returns,
292 2635 475 2701 orationem
487 2632 529 2700 de
538 2633 700 2701 Cherson.
709 2635 821 2702 hieme
834 2635 983 2704 habitem
994 2660 1074 2720 esse,
1090 2663 1178 2731 quae

125 2737 285 2819 doceant,
307 2735 412 2804 multa
434 2738 601 2820 invenies,
629 2761 813 2832 eorumque
834 2742 984 2834 primum
1006 2760 1040 2810 et
1060 2742 1178 2811 claris-

58 2842 64 2852 ’
123 2845 254 2909 'simum
276 2843 448 2911 continent
477 2843 577 2910 verba
606 2841 702 2910 haec:
724 2844 769 2924 Ιοιί
796 2844 856 2933 γάρ
888 2845 970 2912 ollae
998 2848 1036 2932 y'‘
1055 2848 1176 2934 εὐήθης

125 2949 215 3014 ’ἐστὶν
234 2934 323 3032 ὑμῶν
353 2947 454 3024 οὐδεὶς
483 2945 519 3030 ὃς
537 2944 752 3033 ὑπολαμβάνει
774 2949 830 3016 τὸν
854 2953 1011 3018 Φιλιππου
1031 2959 1094 3018 τῶν
1114 2955 1174 3036 μὲν

130 3055 163 3119 ἐν
188 3052 299 3145 Θρᾴκῃ
330 3059 433 3120 κακῶν
453 3091 497 3105 -
517 3054 700 3137 άπιθυμεῖν,
731 3055 782 3120 κοιλ
812 3050 890 3142 ὑπὲρ
912 3062 969 3121 τοῶ
991 3063 1092 3123 caira
1113 3063 1173 3124 λοι-

124 3163 196 3239 ’βεῖν
223 3161 287 3243 καλ
317 3157 459 3236 πόνους
487 3160 549 3225 καὶ
575 3164 785 3243 χειμῶνος,
827 3160 888 3232 καλ
912 3158 986 3237 τοὺς
1020 3161 1173 3246 ἐσχάτους

127 3260 287 3338 κινδύνους
303 3254 469 3346 Ιὑπομένειν
475 3313 486 3344 ,
515 3268 579 3330 τῶν
600 3262 635 3328 dl
650 3261 802 3351 Ἀθήνῃσι
824 3260 955 3347 λιμένων
975 3266 1026 3330 καὶ
1046 3302 1093 3317 -
1114 3265 1171 3332 οὒκ

120 3365 298 3450 ἰἐπιθυμεῖν,
322 3366 402 3434 ἀλλά
423 3373 523 3434 τοιῶτοι
543 3367 602 3450 μὲν
622 3365 723 3451 ἐάσειν
742 3363 825 3451 ὑμῶς
838 3366 925 3451 ὗμιν,
948 3363 1026 3454 indo
1050 3370 1084 3434 δὲ
1106 3375 1170 3436 τῶν

124 3475 257 3553 μελινῶν
277 3472 327 3536 καλ
348 3477 413 3537 τῶν
434 3470 555 3558 ὀλυρῶν
580 3475 646 3537 τῶν
674 3472 707 3537 ἓν
735 3481 802 3549 τοῖς
825 3472 973 3564 Θρᾳκίοις
995 3484 1099 3560 ,σιροῖς
1131 3475 1168 3541 ἒν

122 3579 176 3665 τῷ
205 3573 399 3666 βαράθρῳ
425 3573 637 3661 χειμάζειν.
666 3599 700 3668 p.
728 3595 798 3642 100.
843 3574 930 3643 lbid.
952 3602 987 3671 p.
1008 3599 1052 3668 90
1075 3576 1166 3661 (coll.

117 3681 182 3769 98)
204 3677 422 3746 undecimum
443 3680 511 3746 iam
523 3703 673 3746 mensem
693 3703 770 3746 cum
789 3679 936 3749 Thracia
952 3679 1166 3775 expeditione

27 3826 37 3836 κ
123 3801 325 3880 occupatum
353 3808 423 3851 esse
445 3781 643 3878 Philippum
665 3783 908 3853 Demosthenes
930 3784 1022 3854 dicit.
1068 3787 1165 3854 Hanc

121 3888 227 3983 igitur
253 3887 486 3983 praecedentis
514 3889 596 3955 anni
617 3911 694 3958 vere
715 3907 924 3985 susceperat,
957 3889 1050 3984 quod
1071 3890 1164 3958 idem

120 3990 195 4062 loco
224 3995 377 4087 proxime
403 3992 618 4086 praecedenti
645 3990 718 4061 aliis
747 4016 795 4091 ex*
813 3996 1012 4088 argumentis
1040 3996 1163 4085 proba-

119 4099 237 4170 vimus.-
282 4098 513 4167 lnThraciam
523 4098 627 4190 igitur
648 4098 677 4165 si
690 4096 946 4173 Anthestetione
967 4119 1082 4166 mense
1104 4115 1163 4168 aut
