2594 4672
618 288 774 394 ..222

178 474 253 525 tum
268 457 369 524 tulit:
391 457 431 523 τὰ
450 457 599 544 χρήματα
619 458 709 524 πάντ’
732 457 807 525 εἶναι
830 458 1046 546 στρατιωτικά,
1070 459 1136 552 hoo
1157 478 1219 544 est,

177 579 218 628 ut
236 561 380 652 pecunia
402 562 509 627 omnis
530 562 598 627 iam
610 561 661 627 ud
682 561 892 628 instruendas
910 560 1219 657 conducendusque

177 664 290 756 copies
313 663 575 756 impenderetur,
598 683 631 732 et
651 666 692 732 τὰ
713 665 840 754 ἔργατὰ
859 667 927 750 περὶ
947 664 1021 742 τοὺς
1038 669 1221 745 νεωςοίκοος

177 771 229 835 stul
250 767 309 854 τὴν
329 768 522 855 σκευοθήκην
543 771 581 835 in
602 767 694 834 aliud
721 786 852 861 tempus
882 766 1105 836 differrentur.
1152 773 1221 841 Po-

177 888 301 938 strema
323 873 405 939 haec
428 872 469 938 ad
490 871 625 940 bellicos
647 872 723 940 illos
747 892 920 966 apparatus
941 870 1108 955 retuleris,
1131 899 1221 966 quos

178 975 390 1043 instruendos
424 974 555 1042 discissa
584 1000 667 1069 pace
690 976 825 1069 Olymp.
850 977 929 1057 CX,
956 1000 967 1040 1
995 977 1134 1043 ineunte
1159 977 1222 1046 de·
1253 1042 1255 1047 .

177 1105 284 1147 cresse
334 1080 594 1147 Demosthenem
642 1080 860 1148 Philochorus
907 1105 1009 1173 supra
1056 1080 1218 1152 tradidit:

177 1192 255 1262 ναῦς
274 1190 412 1272 πληροῦν
432 1189 482 1251 καὶ
504 1185 545 1251 τὰ
567 1185 646 1250 ἄλλο
674 1187 802 1270 ἐνεργεῖν
828 1185 869 1251 τὰ
889 1191 947 1251 τοῦ
967 1185 1103 1270 πολέμου
1108 1236 1119 1268 ,
1153 1187 1220 1255 itu·

179 1313 246 1380 que
269 1291 497 1357 continuatum
520 1290 620 1355 etiam
641 1284 769 1354 bellum
799 1288 937 1380 Olymp.
962 1288 1086 1369 CX,2
1067 1291 1221 1384 asigni-

177 1393 274 1460 fieari
303 1394 349 1467 eis
382 1391 602 1460 contenderis.
649 1393 696 1458 At
727 1393 811 1460 miro
845 1409 934 1458 tum
933 1416 1081 1485 prorsus
1109 1394 1219 1464 modo

176 1474 415 1578 Philochorus,
456 1520 557 1588 opera
594 1494 652 1563 illa
687 1495 788 1563 dilata
814 1496 939 1579 diceret
971 1521 1039 1562 esse
1074 1496 1219 1593 Olymp.

179 1602 254 1683 CX,
277 1601 364 1668 nob
385 1599 541 1667 bellum
562 1624 640 1667 cum
662 1599 829 1693 Philippo.
874 1601 982 1685 Quam
1004 1601 1046 1667 ob
1063 1625 1138 1668 rem
1150 1603 1221 1672 hoc

178 1707 243 1772 sihi
266 1708 379 1797 potius
407 1703 539 1771 volunt:
567 1700 755 1772 intermisso
785 1703 874 1772 bello
908 1703 1045 1796 Olymp.
1077 1705 1161 1788 CX,
1200 1732 1213 1775 ι

169 1805 254 1903 *post
281 1810 457 1876 liberatum
484 1809 681 1900 Byzantium
713 1807 923 1874 restituendis
958 1808 1096 1874 navibus
1126 1828 1219 1878 cete-

130 1997 135 2005 ·
176 1916 224 1980 ris
273 1937 292 1979 e
312 1910 443 1979 hellicis
466 1913 706 1994 instrumentis,
728 1936 790 2004 per
811 1911 937 2006 bellum
958 1914 1038 1977 anni
1061 1917 1218 2005 superio-

174 1938 342 2109 uindices
365 2038 500 2107 operam
521 2015 740 2082 Athenienses
763 2014 903 2097 dedisse,
925 2035 1126 2108 quamtum,
1150 2019 1213 2086 uhi

176 2144 301 2189 novum
329 2117 455 2185 bellum
478 2137 592 2187 eontra
625 2119 823 2212 Philippum
851 2122 1001 2202 instaret,
1025 2120 1212 2187 intermise-

176 2226 263 2306 rint,
293 2242 331 2290 ut
357 2226 503 2316 pecunia
530 2225 638 2319 omnis
666 2222 707 2290 ed
730 2249 784 2305 ea,
816 2249 900 2316 quae
929 2242 1008 2290 tunc
1031 2225 1215 2291 necessaria

175 2329 313 2410 suerint,
332 2327 594 2421 impenderetur3
619 2346 676 2395 aut
693 2352 794 2419 opera
806 2327 865 2393 illa
879 2326 1045 2394 navalium
1056 2335 1090 2395 'et
1104 2344 1217 2395 arma-

175 2435 331 2501 menturii
372 2431 636 2499 aedificationem
660 2433 858 2524 significant,
882 2457 982 2524 quam
1008 2431 1216 2501 ordinariam

119 2535 120 2540 ¹
175 2539 315 2606 Athenis
337 2562 453 2609 curam
473 2537 584 2619 fuisse,
606 2537 786 2603 Aeschines
809 2535 907 2603 docet
928 2537 964 2601 in
980 2535 1066 2603 Ctes.
1091 2540 1144 2627 57.
1168 2563 1215 2605 m.

264 2640 333 2707 Sed
354 2643 583 2732 gravissimum
605 2663 686 2705 sane
715 2639 757 2706 de
785 2664 870 2732 pace
892 2640 953 2706 huc
976 2641 1215 2709 Demosthenis

177 2762 227 2811 est
255 2743 441 2822 silentium,
470 2761 502 2810 et
539 2743 714 2809 Aeschinis
747 2748 864 2825 etiam,
881 2746 955 2837 -qui
982 2746 1010 2810 si
1038 2743 1215 2812 decretum
1246 2758 1254 2772 ‘

175 2846 260 2914 illud
282 2872 301 2912 a
321 2870 403 2939 pace
427 2846 564 2938 Olymp.
589 2845 717 2928 CVIII,
747 2871 766 2913 ν
794 2872 831 2914 re
859 2873 935 2914 vera
964 2849 1031 2914 huc
1053 2872 1215 2916 revocan-

177 2950 259 3019 dum
281 2969 339 3032 est,
362 2951 493 3044 ipsein
516 2951 714 3016 Macedonia
736 2950 852 3035 fuerit,
874 2954 925 3018 ius
948 2952 1128 3017 iurandum
1150 2976 1212 3045 pu-

175 3059 222 3124 cis
244 3055 380 3123 daturus
401 3055 546 3121 vicissim
568 3072 601 3121 et
622 3072 802 3122 exacturus.
848 3057 1074 3122 Nihilominus
1098 3073 1211 3122 tamen

176 3178 211 3227 et
239 3158 297 3226 ille
331 3178 364 3227 et
391 3160 630 3227 Demosthenes
661 3161 707 3226 itu
740 3158 781 3226 de
809 3167 906 3227 rebus
935 3179 1009 3226 ante
1039 3157 1220 3251 proelium·

120 3268 127 3297 ⁶
176 3263 409 3330 Chaeronense
437 3266 517 3329 actis
547 3256 728 3344 disserunt,
761 3289 797 3331 ec
825 3266 853 3330 si
884 3262 1010 3329 bellum
1031 3265 1120 3328 inter
1142 3264 1211 3355 By-

142 3395 145 3399 ¹
175 3368 276 3434 nuntii
303 3366 511 3434 ohsidionem
541 3384 688 3433 exortum
717 3367 854 3460 Olymp.
889 3367 969 3449 CX,
996 3391 1015 3433 2
1049 3365 1137 3432 nihil
1166 3369 1210 3433 sit

174 3472 410 3539 intermissum.
456 3470 513 3536 Sic
535 3471 732 3537 Aeschines:
759 3474 914 3537 Φιλίππου
934 3476 980 3561 τῷ
999 3472 1057 3554 μὲν
1078 3468 1210 3554 ὀνόματι

174 3582 382 3658 πολεμοῦντος
401 3571 484 3658 ῦμΐν,
508 3580 553 3665 τῷ
574 3573 602 3640 d'
624 3575 702 3666 ἴργῳ
723 3573 801 3642 πολὺ
816 3579 935 3658 μᾶλλον
955 3580 1123 3658 μισοῦντος
1139 3576 1210 3661 Θη-
1259 3559 1262 3566 “

172 3683 284 3766 βοίοος
304 3717 346 3730 -
360 3679 404 3743 'in
428 3670 514 3745 Ctes.
537 3703 571 3770 p.
596 3680 636 3768 73
660 3694 741 3744 extr.
788 3679 870 3745 ltem
891 3677 1133 3744 Demosthenes
1157 3702 1207 3745 or.

175 3784 218 3852 de
249 3807 316 3850 cor.
345 3808 379 3875 p.
409 3781 472 3873 274
500 3784 546 3848 in.
573 3799 607 3848 et
635 3808 668 3875 p.
701 3783 773 3873 276.
832 3782 1128 3850 verumenimvero
1160 3799 1209 3848 ta·

174 3890 245 3956 cuit
265 3887 323 3955 ille
344 3888 478 3955 fortasse
501 3885 593 3979 quod
613 3888 677 3953 sihi
692 3888 841 3953 conscius
864 3903 944 3967 erat,
966 3909 1084 3976 pacem
1110 3883 1208 3952 illam

172 4016 244 4060 non
270 3993 336 4059 nisi
362 3990 572 4058 simulatione
602 3994 819 4082 compositam
848 4014 935 4072 esse,
966 3988 1207 4057 Demosthenes

145 4095 146 4098 '
171 4097 308 4164 maioris
330 4094 517 4164 adversario
537 4092 734 4165 ‘conflandae
755 4092 900 4160 invidiae
921 4117 1027 4172 ceusu,
1052 4094 1114 4184 qui
1127 4093 1208 4161 Phi-
