2594 4672
521 354 524 359 .
574 275 731 378 ...1.⁷...

130 443 226 508 annis
260 426 485 509 versabantur.
541 443 609 509 Pax
640 443 859 509 Athenienses
889 441 981 510 inter
1009 459 1044 511 et
1071 426 1174 511 Lace-
1211 430 1212 435 ἵ

131 545 342 628 daemonius,
372 563 438 638 qua
464 544 553 612 bello
588 547 807 639 Peloponnes.
837 570 900 637 per
930 548 1174 638 annosviginti
1215 634 1217 639 ‚

130 668 260 742 septem
293 640 469 718 ooniinuos
509 669 597 741 gesto
634 652 711 717 finis
749 653 924 742 impositus
956 667 1020 730 est,
1055 651 1174 719 accidit
1233 706 1238 723 .

132 752 271 846 Olymp.
296 755 430 834 XCIII,
453 753 485 839 4,
509 778 634 834 mense,
657 762 694 819 ut
716 753 910 821 Plutarchus
933 755 983 842 (in
1000 738 1172 846 Lysandro

131 883 161 924 c.
189 861 239 941 15)
261 858 376 939 refert,
407 859 663 950 Munychione.
692 858 735 923 V.
759 855 914 948 Xenoph.
946 857 1038 924 Hell.
1059 862 1110 940 II,
1142 880 1173 941 a,
1224 882 1226 893 ·

123 961 175 1047 Δ24
198 961 276 1030 coll.
300 987 327 1028 c.
351 962 399 1043 II,
428 965 459 1042 3,
487 989 512 1028 1.
536 999 537 1005 ι
560 961 609 1028 Cf.
638 928 801 1028 Dodwell.
834 960 993 1029 Chronol.
1016 964 1177 1054 Xenoph-

131 1067 213 1141 Vll,
267 1064 406 1134 Wessel.
447 1066 489 1133 ad
534 1066 633 1132 Diod.
688 1065 764 1133 Vol.
809 1067 842 1131 ll
882 1093 916 1158 p.
965 1066 1039 1133 668.
1104 1069 1173 1133 Hac

131 1170 350 1238 Athenienses
391 1169 729 1237 Lacedaemoniorum
760 1172 902 1261 imperio
937 1175 970 1235 et‘
1010 1163 1174 1240 voluntati

123 1298 270 1367 ¹prorsus
292 1274 371 1341 facti
399 1293 477 1343 sunt
504 1275 668 1342 obnoxii·
696 1273 855 1366 Acropoli
883 1274 1087 1366 praesidium
1112 1278 1175 1341 La·
1206 1334 1208 1341 ,

127 1372 427 1452 ὀεᾶιειιιοιιίὸιιιιιι
447 1379 666 1469 impositum,
696 1381 772 1442 urbi
795 1377 977 1470 Spartanus
1008 1380 1175 1446 harmosta
1251 1420 1253 1424 ⁴

132 1482 318 1576 praefectus
348 1499 406 1552 est.
447 1481 558 1548 ‘Plus
575 1480 722 1573 Lysand.
746 1480 768 1546 l.
792 1500 820 1546 c.
872 1483 1066 1549 Durissimis
1095 1507 1172 1550 vero

133 1587 225 1677 pacis
249 1584 498 1652 conditionibus
516 1584 735 1651 Athenienses
750 1586 905 1650 Piraeum
919 1604 1076 1668 evertere,
1099 1610 1176 1651 mn·-
1250 1663 1252 1669 Ι
1293 1626 1294 1629 =

132 1713 189 1758 ros
219 1688 338 1780 longos·
366 1689 517 1770 diruere,
556 1712 654 1754 naves
685 1707 817 1779 praeter
847 1688 1027 1756 duodecim
1060 1687 1182 1756 omnes
1287 1677 1288 1682 ἵ

126 1793 527 1861 Lacedaemoniisedere
549 1793 720 1883 (Xenoph.
744 1792 766 1860 l.
792 1817 819 1859 c.
835 1794 888 1874 II,
912 1817 942 1874 ι,
965 1796 1038 1884 ιο),
1067 1795 1176 1860 omni·-
1273 1787 1275 1794 ⁸

131 1898 196 1965 bus
220 1897 365 1990 denique
387 1899 526 1964 urbibus
561 1898 840 1993 regionibusque,
866 1921 969 1989 1quae
998 1900 1036 1962 in
1059 1923 1175 1965 eorum

132 2002 310 2094 hucusque
331 2020 510 2094 ,potestate
551 2001 707 2082 fueraut,¹
746 2000 905 2068 encedere
943 2004 1048 2069 eoacti
1088 2011 1175 2068 sun't.

128 2105 257 2174 Aesch.
284 2134 318 2173 ιι.
340 2121 478 2194 παραπρ.
508 2131 541 2196 p.
577 2102 983 2196 381ed..saeph.;.1)iod.
1017 2107 1052 2172 S.
1082 2106 1174 2187 XIII,

138 2233 212 2298 107.
236 2209 430 2292 indulseratis
451 2216 560 2276 ιιιισῶν
581 2216 651 2274 τῶν
664 2209 792 2289 πόλεων,
817 2210 875 2274 τὰν
897 2208 1106 2297 αὕτῶνγᾶν”
1086 2233 1175 2294 agorn
1281 2214 1283 2217 ’

132 2337 188 2387 τες
214 2312 387 2401 scriptum
432 2329 481 2377 est
523 2312 560 2377 in
596 2311 798 2426 ephororum
836 2312 990 2381 decreto
1003 2338 1054 2406 ap.
1087 2310 1174 2381 Plus

132 2411 283 2506 Lyssdd.
307 2437 335 2480 c.
363 2413 465 2499 id.
900 2436 904 2443 ·
1148 2463 1166 2471 ,.

157 2530 159 2535 ’
226 2517 320 2584 llis
310 2519 424 2608 tgitur
432 2517 524 2610 pacis
547 2516 792 2586 conditionibus
809 2467 1080 2588 Lacedaemonii
1082 2528 1178 2586 tarra

136 2623 291 2714 marique
308 2622 543 2714 principatum
564 2619 702 2690 assecuti
731 2622 814 2689 sdnt.
861 2626 970 2708 Quem
998 2626 1096 2692 uteo
1120 2624 1179 2688 fir-

84 2726 86 2728 ’
136 2729 227 2793 mius
249 2724 597 2818 stabilirentubique
627 2729 663 2792 in
685 2727 840 2794 subiectis
868 2749 926 2795 suo
955 2730 1098 2821 imperio
1121 2751 1179 2793 ur—

135 2831 236 2897 bibus
259 2827 553 2922 poa-Lysandrum
572 2821 808 2912 moderatores,
832 2829 994 2920 ἁρμοστὰς
1014 2830 1178 2899 Laconice

137 2932 256 3021 dictos,
277 2934 533 3016 constituebant,
556 2937 616 3026 qui
635 2935 839 3026 singularum
854 2937 1038 3003 civitatium
1059 2954 1179 3003 statum
1290 3022 1292 3025 f

137 3055 173 3104 et
192 3039 401 3128 magistratus
423 3061 483 3106 suo
503 3040 700 3106 enarbitrio
721 3038 928 3122 ordinarent,
960 3038 1179 3105 democratiae

136 3140 282 3210 maxime
304 3143 447 3223 infensi,
478 3159 512 3227 et
530 3143 683 3208 instituta
710 3142 836 3233 ubique
860 3140 902 3207 ad
924 3165 1000 3210 suae
1021 3142 1180 3236 reipublis

140 3252 201 3312 cae
223 3245 370 3313 formam
385 3244 586 3336 oligarchia
583 3244 752 3310 facillime
781 3247 928 3312 civitates
957 3249 994 3314 in
1019 3266 1181 3340 potestate
1243 3309 1244 3312 ,
1290 3279 1292 3282 ·

135 3373 202 3416 sua
223 3340 706 3440 t'ene1e·posseex1st1mantes
750 3348 851 3417 Diod.
875 3348 908 3418 S.
927 3351 1020 3433 ΧΝ,
1048 3375 1094 3418 ιο
1140 3350 1199 3417 Id·
1255 3432 1257 3437 ,

138 3449 278 3545 quod'
265 3455 350 3546 ap'sis
369 3476 519 3546 quoque
563 3453 705 3520 Athenis
736 3447 859 3542 factum
894 3454 1011 3522 modo
1025 3455 1180 3535 vidimus,
1286 3471 1296 3487 ·

103 3629 104 3632 Ἴ
138 3557 200 3622 ubi
223 3555 266 3621 ad
283 3566 470 3623 extremum
492 3558 647 3624 concisis
654 3558 795 3624 civitatis
810 3527 935 3623 viribus
950 3581 1061 3625 eversa
1083 3560 1182 3624 etlam

112 3670 182 3726 'ex
212 3659 376 3750 Lysandri
408 3660 548 3727 arbitrio
576 3679 667 3730 vetus
698 3679 747 3727 cst
772 3661 977 3752 reipublicae
1005 3662 1126 3742 forma,
1150 3679 1182 3728 et

130 3765 287 3856 ‘triginta
301 3756 453 3830 virorum
476 3763 659 3832 dominatio
689 3765 867 3832 constituta
890 3782 1029 3832 exeunte
1043 3764 1181 3856 Olymp.

140 3869 259 3936 XCIII
292 3892 320 3932 a.
343 3867 375 3952 4.
402 3863 576 3960 ¹Xenoph.
599 3867 689 3933 Hell.
712 3868 765 3948 II,
796 3871 831 3950 3,
866 3892 877 3933 ι
906 3887 939 3936 et
964 3893 1012 3935 ιι.
1057 3869 1108 3934 Ex
1130 3891 1185 3933 ceb

111 4006 114 4013 ·
140 3973 220 4039 teris
245 3972 430 4039 civitatibus
453 3971 579 4063 aliquot
600 3973 689 4038 cirea
710 3973 856 4038 Athenas
876 3974 1087 4063 potissimum
1108 3973 1184 4038 sitas
1280 4039 1282 4046 ,

141 4075 209 4145 hos
236 4074 312 4144 loeo
343 4074 586 4144 Demosthenes
614 4068 734 4168 afferas
765 4077 919 4158 Quarum·
936 4076 1101 4147 Euboea
1122 4099 1187 4166 un·-
1273 4068 1275 4072 ὗ

293 4196 309 4210 >-
752 4230 756 4236 .
815 4187 838 4249 a
