2594 4672
465 280 466 283 ψ
571 213 729 314 ..te-

130 380 228 447 niotti
250 377 488 470 Taylorianae,
517 400 554 444 ex
584 382 650 470 qua
673 377 916 471 He'oatombtteo¹
937 379 1171 472 Elaphebolio-

128 487 184 550 nis
206 481 279 550 loco
303 500 336 548 ct
357 483 494 549 initium
515 483 596 548 anni
618 483 852 566 infebruario
874 501 988 551 nostro
1010 484 1079 555 fere
1100 511 1172 554 me·
1213 493 1215 498 ’

129 587 188 656 dio
209 573 357 681 positum
379 585 474 653 foret.

71 699 73 704 ’
216 698 444 757 Veruntamen
485 689 638 757 nondum
680 688 761 779 inde
798 691 972 784 profligari
1009 694 1168 763 contiuuo

128 793 267 887 Taylori
295 795 410 886 opinio
439 810 559 885 potest.
609 791 841 885 Epiphanium
877 785 980 861 s'ecnli
1006 819 1040 886 p.
1065 797 1103 863 C.
1134 812 1168 866 n.

99 894 240 994 iquarti
270 916 363 992 parte
396 895 498 965 altera
526 898 675 966 floruisse
705 893 841 964 constat.
864 898 914 964 Ea
942 900 1045 990 igitur
1066 918 1169 968 aetate

128 1001 384 1073 concedendum
398 1003 599 1076 Buttmanno
623 1019 671 1068 est
686 999 884 1094 Ideleroque
900 1019 1060 1069 mutatam
1074 1006 1170 1071 istam

83 1150 88 1164 =
126 1109 288 1176 fastorum
326 1107 517 1174 Atticorum
553 1107 718 1173 rationem
758 1106 952 1174 obtinuisse.
1014 1108 1170 1174 Attamen

126 1213 303 1305 posteriori
318 1208 430 1301 aliquo
444 1227 605 1300 tempore,
628 1208 747 1276 dixerit
759 1212 936 1303 quispiam,
960 1210 1063 1293 alium
1076 1237 1171 1284 meu-

128 1318 217 1384 sium
239 1314 392 1382 ordinem
416 1310 608 1397 invaluisse,
639 1338 675 1379 er
698 1338 765 1405 quo
787 1339 850 1406 pro
872 1312 1073 1405 Tayloriana
1094 1340 1170 1384 sen-

128 1421 232 1488 tentia
262 1419 502 1496 Hecatombaeo
529 1418 567 1486 in
595 1418 728 1509 pristini
757 1416 1032 1509 Elaphebolionis
1058 1418 1169 1487 locum
1214 1430 1217 1438 '

128 1525 272 1607 cesserit,
294 1525 330 1588 in
349 1520 644 1597 Hecatombaeonis
666 1545 774 1614 prope
793 1523 1037 1590 Maemuctetio.
1083 1524 1170 1590 Nam

127 1630 165 1694 in
187 1626 340 1706 Scholiis,
364 1650 449 1717 quae
472 1623 612 1717 Ulpiani
633 1623 730 1715 vulgo
754 1624 893 1717 quidem
914 1641 1088 1709 vocantur,
1111 1627 1170 1693 scd

80 1760 82 1765 ’
128 1756 176 1812 ea,
199 1750 301 1823 quam
323 1736 414 1796 nunc
437 1730 607 1810 obtinent,
631 1729 837 1811 conditione,
865 1754 976 1821 neque
998 1728 1041 1796 ad
1062 1731 1170 1798 homi-

126 1860 206 1902 nem
227 1859 348 1916 unum,
382 1853 445 1900 nec
467 1859 569 1900 unam
591 1831 634 1901 ad
655 1849 795 1901 aetatem
815 1833 934 1900 referri
953 1852 1108 1926 possunt,
1131 1836 1169 1900 in

128 1939 261 2030 decreto
275 1963 309 2031 p.
322 1939 384 2006 235
398 1939 472 2006 voci
490 1934 766 2023 Ἑκατομβαιῶνος
785 1937 992 2031 adscriptum
1010 1943 1169 2027 estMau-

127 2045 205 2110 τῖοο.
254 2043 376 2109 Martio
408 2061 519 2109 autem
552 2060 589 2109 ex
619 2044 722 2111 veteri
752 2041 912 2109 fastorum
938 2041 1006 2114 Att
1039 2043 1168 2111 ratione

127 2145 351 2236 respondebat
381 2145 611 2237 Elaphebolio.
655 2146 767 2237 Atque
795 2143 896 2212 simili
922 2146 1050 2213 ratione
1071 2162 1170 2238 prac-

128 2264 318 2339 terpropter
350 2250 387 2312 in
417 2247 573 2339 plurimis
600 2248 683 2315 locis
704 2238 917 2316 decretorum
936 2273 1067 2316 meuses
1090 2276 1168 2316 cum

128 2350 284 2417 Romanis
308 2347 419 2416 collati
447 2352 673 2415 inveniuntur.
719 2352 768 2418 lta
790 2353 862 2417 voci
882 2356 1169 2438 Μαιμακτηριῶνος

71 2456 73 2463 '
127 2456 164 2520 in
191 2453 326 2520 decreto
342 2478 398 2544 -p·'
413 2456 476 2521 238
499 2452 705 2544 adscriptum
732 2471 781 2541 est
801 2448 1003 2540 Adydtiotou5
1028 2455 1167 2544 Ἐλαφη-

124 2564 277 2642 βολιῶνος
303 2583 337 2649 p.
355 2557 433 2643 add
455 2559 654 2645 Νοεμβρίοος
684 2561 927 2646 Βοηδρομιῶνος
947 2584 981 2650 p.
1005 2559 1070 2648 249
1086 2560 1168 2626 'lou-

126 2665 204 2745 νίου,
229 2660 266 2727 id
288 2661 388 2754 quod
402 2662 546 2735 recurrit
574 2662 672 2735 etiam
693 2687 727 2752 p.
751 2664 834 2746 2503
864 2660 1012 2754 denique
1032 2659 1167 2730 Μουνυ-

122 2773 292 2858 χιῶνοςιρ.
318 2769 379 2833 282
399 2767 603 2862 'Iuronuplou
625 2803 670 2822 -.
693 2766 783 2847 Mira
811 2789 889 2832 sune
910 2790 963 2832 res
985 2765 1168 2859 explicatu-

126 2894 192 2963 que
215 2868 377 2951 difficilis,⁴
396 2895 463 2962 qua
488 2870 605 2936 mirari
623 2869 717 2936 subit
734 2868 919 2963 Taylorum
941 2873 1166 2938 coniecturam

126 2999 220 3040 suam
253 2974 454 3042 confirmare
481 2998 551 3049 non
585 2998 654 3041 esse
687 2994 853 3042 conatum.
898 2975 944 3039 At
964 2975 1067 3040 sensit
1086 2998 1167 3066 pro-

125 3077 211 3145 fecto
233 3079 284 3144 vir
304 3078 507 3171 plerumque
529 3078 701 3170 religiosus
724 3096 819 3154 eante
833 3075 991 3169 fiduciam
1013 3077 1049 3140 in
1060 3076 1165 3145 Scho-

125 3179 181 3248 liis
202 3181 273 3248 istis
296 3205 365 3249 esse
387 3181 634 3264 collocandam,
663 3174 749 3273 qnae
777 3181 876 3248 sicuti
898 3181 935 3246 in
957 3177 1070 3246 multis
1092 3181 1166 3246 ine·
1209 3205 1214 3221 .
1285 3186 1290 3193 ’

124 3287 251 3376 ptiunt‚
278 3286 324 3350 ita
356 3311 468 3378 neque
496 3286 554 3354 bic
586 3287 661 3352 satis
691 3285 757 3351 sibi
785 3302 946 3353 constant.
996 3283 1082 3350 Nam
1104 3284 1164 3351 ubi

123 3389 311 3483 Munycbio
342 3391 512 3464 confertm·
539 3413 616 3470 eum
645 3389 800 3456 Ianuario
830 3395 875 3482 (p.
911 3389 1011 3479 οδω),1
1036 3387 1163 3472 ibidem

124 3491 343 3586 Elaphebolia
366 3489 567 3576 Februarius
590 3492 725 3590 dicitur,
745 3491 926 3583 Tbargelio
947 3491 1090 3587 Aprilis,
1119 3495 1163 3559 si-

109 3599 192 3664 ‘cuti
223 3596 370 3690 denique
398 3623 432 3690 p.
464 3600 544 3687 289,
578 3596 795 3690 Scirophorio
818 3598 944 3681 Maius,
975 3597 1081 3665 trihus
1110 3597 1162 3663 his

122 3699 205 3769 locis
220 3703 405 3788 accuratius
419 3707 594 3782 observater
601 3704 704 3770 veteri
725 3701 884 3771 fastorum
905 3703 1042 3770 ratione.
1080 3700 1162 3767 Inde

122 3829 201 3894 vero
233 3805 446 3873 manifestum
473 3804 600 3888 idest,
634 3805 719 3873 duas
746 3808 782 3872 in
799 3805 1022 3875 'conferendis
1050 3829 1162 3872 secum

122 3910 292 3977 mensibus
321 3911 440 3976 Atticis
472 3908 697 4004 Romanisque
726 3936 843 3992 manus
870 3911 1071 3989 elaborasse,
1102 3933 1182 4001 po-,

124 4015 298 4084 steriorem
320 4012 413 4094 illam
434 4015 588 4082 cautioris
611 4012 765 4101 hominis,
782 4015 1004 4109 eiusdemque
1016 4015 1163 4096 sornsse,
1247 4041 1251 4048 ·
