2594 4672
644 274 800 388 gge-

196 479 242 522 ex
263 468 357 547 parte
378 469 575 545 repugnant.
620 452 733 545 Atque
760 452 926 543 primum,
957 452 986 516 si
1008 448 1147 547 Olymp.
1178 456 1250 525 iam

206 559 296 639 CIX,
319 581 339 623 2
362 555 479 623 foedus
502 567 586 622 esset
616 579 695 623 cum
720 556 860 624 Euboea
887 553 1031 639 factum,
1061 555 1250 628 indicatam

205 664 320 756 quovis
343 659 444 727 modo
466 684 539 726 rem
560 662 634 727 iure
657 678 862 753 exspectares
891 661 1044 751 in‘oratt
1073 659 1117 727 de
1140 662 1251 730 Cher-¹

99 834 101 838 .
144 829 146 837 .
205 791 277 835 son.
301 782 334 832 et
356 761 503 863 Philipp.
528 765 593 845 ΙΙΙ,
626 767 754 857 quippe
776 766 813 829 in
836 765 959 856 quib'us
981 787 1096 830 rerum
1116 767 1250 836 Euboi-

205 895 320 938 carum
340 867 642 959 frequentissimam
665 886 775 936 orator
796 868 893 941 faciat
913 870 1132 955 mentionem.
1177 871 1249 940 Ve-

203 976 450 1042 rumenimvero
480 995 549 1038 non
582 969 690 1062 solum
721 969 819 1063 longe
844 973 957 1054 abest,
995 990 1033 1039 ut
1066 964 1247 1043 Euboeen-

204 1103 254 1146 ses
277 1076 381 1145 socios
404 1077 662 1154 Atheniensium
683 1075 783 1156 dicat,
806 1075 866 1141 sed
886 1077 966 1168 ipsis
990 1077 1089 1143 etiam
1106 1079 1151 1144 eis
1166 1103 1249 1170 pro-

203 1184 299 1275 priae
314 1180 467 1246 miseriae
490 1181 625 1271 culpam
640 1181 758 1264 acerbe
771 1181 931 1270 iniungit:
954 1181 1052 1267 καλήν
1072 1184 1099 1268 γ’
1114 1184 1146 1248 οἳ
1167 1192 1248 1277 πολ-

204 1289 252 1353 λοὶ
279 1290 335 1350 νόν
361 1284 567 1372 ἀπειλήφασιν
592 1283 742 1372 Ὠρειτῶν
765 1284 874 1371 χάριν,
911 1284 960 1350 ότι
987 1295 1055 1362 τοῖς
1087 1289 1248 1356 Φιλίππου

205 1391 306 1479 φίλοις
328 1387 502 1475 ἐπέτρεψαν
516 1373 733 1471 'latratuum
755 1388 782 1453 δ’
804 1387 966 1476 Εάφραῖον
992 1388 1125 1459 ἐώθουν·
1148 1393 1258 1479 καλήν

38 1492 42 1500 '
147 1532 149 1535 -
203 1491 270 1581 7²⁴6
294 1495 393 1579 δῆμος
415 1488 432 1556 ὃ
450 1491 648 1579 Ἐρετριέων,
671 1491 720 1557 ὅτι
736 1491 815 1568 ’,τοὺς
834 1493 891 1576 μὲν
911 1489 1079 1580 ὑμετέρους
1099 1497 1248 1582 πρέσβεις

175 1677 176 1680 ρ
203 1597 353 1683 ἀπήλασε,
377 1586 559 1686 Κλειτάρχῳ
582 1599 608 1661 δ’
631 1586 907 1661 ένέόωκεναάτόν·
930 1595 1113 1664 δουλεύουσί
1124 1624 1159 1685 γε
1180 1628 1246 1685 μσ-

203 1698 395 1809 στιγοόμενοι
422 1701 473 1765 καὶ
503 1699 751 1785 στρεβλούμενοι.
782 1696 868 1764 Phil.
899 1700 965 1780 ΙΙΙ,
1000 1725 1049 1792 p..
1072 1704 1146 1788 128.
1203 1706 1260 1797 Et¹

201 1803 369 1898 postrema
399 1802 500 1868 verba
526 1802 704 1892 perspicue
732 1801 871 1885 docent,
900 1805 1036 1870 missam
1057 1806 1125 1872 iam
1147 1826 1247 1879 antea

201 1909 405 2003 legationem
432 1905 599 1971 Eretriam
636 1927 719 1987 esse,
758 1905 899 1972 eandem
935 1923 1048 1975 tamen
1082 1909 1164 2000 ipsis
1202 1913 1245 1980 ab
1271 1971 1273 1978 ,

202 2008 448 2080 Eretriensibus
466 2006 664 2127 repulsam,
703 2001 841 2102 Olymp.
873 2010 969 2092 CIX,
983 2013 1036 2079 ni
1065 2008 1232 2097 fallor,a
1212 2043 1243 2084 a.

126 2147 129 2163 ¹
202 2118 269 2184 iam
295 2138 331 2196 2,
366 2113 444 2204 quia
464 2111 502 2177 in
525 2134 573 2178 or.
595 2140 628 2179 π.
651 2137 789 2200 παραπρ.
812 2139 846 2206 p.
871 2114 935 2200 364
955 2114 1149 2222 καταράτους
1170 2118 1243 2185 Eu-

40 2208 42 2212 ’
120 2237 124 2242 ·
200 2221 360 2297 bocenses
378 2215 619 2285 Demosthenes
640 2232 745 2299 vocat,
770 2215 862 2311 quod
882 2218 974 2285 haud
995 2204 1121 2287 dubie
1116 2245 1245 2315 nuper·

200 2300 295 2395 rimis
322 2321 580 2390 Atheniensium
613 2319 897 2389 cohortationibus
927 2322 1158 2417 obtemperare
1186 2325 1246 2396 de-

200 2426 472 2499 treotarint.1n
501 2407 622 2493 iisdem
652 2443 763 2493 tamen
798 2427 1006 2495 orationibus
1041 2445 1130 2497 tanta
1166 2455 1244 2500 eum

202 2533 380 2603 acerbitate
402 2547 435 2596 et
456 2527 689 2620 indignatione
715 2532 871 2597 miseram
892 2530 1046 2598 Euboeae
1076 2534 1245 2605 conditio·

198 2648 282 2706 ‘nem
303 2652 414 2703 orator
437 2631 605 2713 describit,
628 2651 662 2700 et
682 2635 719 2699 in
745 2634 1002 2701 Atheniensium
1031 2641 1245 2708 securitatem

93 2774 102 2789 ι
202 2759 237 2809 et
256 2737 499 2830 negligentiam
527 2735 713 2818 invehitur,
745 2759 800 2804 eos
823 2757 860 2805 ut
888 2739 982 2806 omni
1003 2740 1104 2810 modo
1127 2743 1243 2826 adea,

203 2867 287 2938 quae
309 2865 383 2909 mox
405 2839 446 2905 ab
470 2840 516 2907 eis
539 2857 689 2933 suscepta
705 2858 782 2910 sunt
804 2861 837 2911 et
849 2842 988 2935 Olymp.
1002 2841 1095 2928 CIX,
1116 2847 1139 2933 4
1162 2873 1245 2916 con.

198 2948 308 3030 fecta,
339 2946 479 3014 excitare
515 2943 602 3010 velle
632 2943 792 3011 videatur.
845 2946 974 3014 Audias
1007 2942 1087 3014 eum
1114 2972 1163 3016 or.
1199 2950 1244 3018 de

193 3053 364 3122 'Chersom
393 3075 429 3143 p.
455 3052 516 3140 98,
548 3072 613 3141 qua
638 3050 767 3117 ratione
791 3050 936 3118 Graecos
966 3053 1139 3121 contendit
1166 3056 1243 3123 iure

199 3181 299 3250 posse
326 3156 545 3235 Athenienses
576 3150 721 3246 alloqui:
748 3152 837 3236 „aid
869 3148 895 3220 ὦ
916 3154 1041 3223 πάντων
1062 3157 1243 3247 ἀνθρώπων

201 3260 403 3351 φαυλότατοι,
427 3260 501 3326 δέκα
522 3265 624 3346 μῆνας
644 3257 870 3388 ἀπογενομένου
893 3259 1090 3349 τάνθρώπου
1107 3261 1243 3354 [Φιλίπ-

86 3390 89 3401 ’
200 3364 277 3456 που]
299 3365 466 3456 (nempe
456 3387 493 3429 111
515 3362 727 3446 Thracia)'
692 3387 776 3453 νοσιρ
802 3366 853 3429 καὶ
872 3371 999 3448 χειμῶνι
1021 3368 1073 3433 καὶ
1094 3367 1243 3454 πολέμοις

200 3468 449 3599 ἀποληφθέντος,
482 3465 562 3533 ωστε
582 3465 627 3550 μὴ
655 3465 694 3532 άν
728 3429 897 3534 talearum
914 3471 1093 3536 ἐπανελθεῖν
1123 3471 1238 3556 οἶκαδε,

201 3572 271 3640 οντε
285 3570 352 3661 τὴν
371 3570 509 3654 Εὔβοιαν
529 3567 776 3656 ἠλευθερώσατε,
800 3571 934 3637 οάτε-
892 3572 1021 3639 -ἀλλ’
1049 3575 1163 3654 ἐκεῖνος
1183 3579 1241 3660 μεν

188 3673 288 3760 ’ὑμῶν
309 3675 386 3745 οάιοι
406 3673 571 3757 μενόντων,
596 3673 712 3759 σχολὴν
725 3673 873 3760 ἀγόντων,
896 3673 1096 3760 ὑγιαινόντων
1117 3715 1162 3731 ·-
1183 3680 1240 3747 oto

200 3783 232 3848 ἓν
253 3779 373 3869 Εάβοέρ
400 3778 567 3862 κατέστησε
594 3777 764 3863 τυράννους
792 3805 819 3844 κ.
843 3805 871 3844 τ.
894 3784 922 3846 λ.
979 3780 1029 3848 Cf.
1061 3780 1149 3850 Phil.
1179 3784 1239 3865 ΙΙΙ,

124 3908 126 3912 ”
197 3909 233 3977 p.
261 3881 918 3971 118,119.-Conspirantetiamalie.
961 3885 1144 3953 Aeschines
1162 3887 1241 3953 cal-

196 3988 294 4068 liam,
329 3981 497 4053 Chalcidis
528 4001 722 4074 tyrannum,
760 4010 798 4053 eo
830 4003 978 4080 tempore
1015 3990 1130 4057 iniisse
1162 4016 1240 4058 cum

105 4092 108 4096 ’
196 4090 455 4160 Atheniensibus
484 4086 600 4158 foedus
628 4085 730 4155 refert
751 4108 859 4176 metu,
886 4116 930 4159 ne
952 4117 971 4158 a
993 4091 1152 4188 Philippo
1175 4117 1238 4186 op-
