<?xml version="1.0" encoding="UTF-8"?>
<!DOCTYPE html PUBLIC "-//W3C//DTD XHTML 1.0 Transitional//EN"
    "http://www.w3.org/TR/xhtml1/DTD/xhtml1-transitional.dtd">
<html xmlns="http://www.w3.org/1999/xhtml" xml:lang="en" lang="en">
 <head>
  <title>
</title>
<meta http-equiv="Content-Type" content="text/html;charset=utf-8" />
  <meta name='ocr-system' content='tesseract 3.04.00' />
  <meta name='ocr-capabilities' content='ocr_page ocr_carea ocr_par ocr_line ocrx_word'/>
</head>
<body>
  <div class='ocr_page' id='page_1' title='image "./commentariihist00wiengoog_0020.png"; bbox 0 0 2594 4672; ppageno 0'>
   <div class='ocr_carea' id='block_1_1' title="bbox 649 265 689 307">
    <p class='ocr_par' dir='ltr' id='par_1_1' title="bbox 649 265 689 307">
     <span class='ocr_line' id='line_1_1' title="bbox 649 265 689 307; baseline 0 0"><span class='ocrx_word' id='word_1_1' title='bbox 649 265 689 307; x_wconf 75' lang='lat' dir='ltr'><strong>XV</strong></span> 
     </span>
    </p>
   </div>
   <div class='ocr_carea' id='block_1_2' title="bbox 55 415 1252 4153">
    <p class='ocr_par' dir='ltr' id='par_1_2' title="bbox 55 415 1252 4153">
     <span class='ocr_line' id='line_1_2' title="bbox 139 415 1178 519; baseline -0.005 -26"><span class='ocrx_word' id='word_1_2' title='bbox 139 424 272 519; x_wconf 82' lang='lat' dir='ltr'>Neque</span> <span class='ocrx_word' id='word_1_3' title='bbox 312 431 411 492; x_wconf 89' lang='lat' dir='ltr'><strong>certe</strong></span> <span class='ocrx_word' id='word_1_4' title='bbox 454 417 659 519; x_wconf 78' lang='lat' dir='ltr'><strong>quidquam</strong></span> <span class='ocrx_word' id='word_1_5' title='bbox 688 419 868 492; x_wconf 88' lang='lat' dir='ltr'><strong>omisisse</strong></span> <span class='ocrx_word' id='word_1_6' title='bbox 908 415 1000 490; x_wconf 91' lang='lat' dir='ltr'><strong>mihi</strong></span> <span class='ocrx_word' id='word_1_7' title='bbox 1040 415 1178 507; x_wconf 88' lang='lat' dir='ltr'><strong>videor,</strong></span> 
     </span>
     <span class='ocr_line' id='line_1_3' title="bbox 112 521 1252 639; baseline -0.002 -26"><span class='ocrx_word' id='word_1_8' title='bbox 112 521 244 613; x_wconf 22' lang='lat' dir='ltr'><strong>*unde</strong></span> <span class='ocrx_word' id='word_1_9' title='bbox 271 543 350 612; x_wconf 86' lang='lat' dir='ltr'><strong>Tua</strong></span> <span class='ocrx_word' id='word_1_10' title='bbox 376 537 425 611; x_wconf 90' lang='lat' dir='ltr'><strong>de</strong></span> <span class='ocrx_word' id='word_1_11' title='bbox 450 542 552 612; x_wconf 90' lang='lat' dir='ltr'><strong>Nicia</strong></span> <span class='ocrx_word' id='word_1_12' title='bbox 579 539 641 615; x_wconf 92' lang='lat' dir='ltr'><strong>illo</strong></span> <span class='ocrx_word' id='word_1_13' title='bbox 668 541 797 639; x_wconf 92' lang='lat' dir='ltr'><strong>opinio</strong></span> <span class='ocrx_word' id='word_1_14' title='bbox 826 536 1035 637; x_wconf 84' lang='lat' dir='ltr'><strong>probabilis</strong></span> <span class='ocrx_word' id='word_1_15' title='bbox 1061 537 1176 612; x_wconf 78' lang='lat' dir='ltr'><strong>fieret</strong></span> <span class='ocrx_word' id='word_1_16' title='bbox 1231 604 1252 622; x_wconf 71' lang='grc'><strong>,.</strong></span> 
     </span>
     <span class='ocr_line' id='line_1_4' title="bbox 245 658 1176 759; baseline -0.004 -26"><span class='ocrx_word' id='word_1_17' title='bbox 245 665 298 733; x_wconf 87' lang='lat' dir='ltr'><strong>Ita</strong></span> <span class='ocrx_word' id='word_1_18' title='bbox 337 658 415 751; x_wconf 90' lang='lat' dir='ltr'><strong>bis,</strong></span> <span class='ocrx_word' id='word_1_19' title='bbox 460 659 548 732; x_wconf 90' lang='lat' dir='ltr'><strong>dnm</strong></span> <span class='ocrx_word' id='word_1_20' title='bbox 583 685 713 734; x_wconf 90' lang='lat' dir='ltr'><strong>omnes</strong></span> <span class='ocrx_word' id='word_1_21' title='bbox 752 659 981 759; x_wconf 85' lang='lat' dir='ltr'><strong>difficultates</strong></span> <span class='ocrx_word' id='word_1_22' title='bbox 1023 658 1176 747; x_wconf 83' lang='lat' dir='ltr'><strong>eluctor,</strong></span> 
     </span>
     <span class='ocr_line' id='line_1_5' title="bbox 138 770 1175 856; baseline -0.005 0"><span class='ocrx_word' id='word_1_23' title='bbox 138 770 316 856; x_wconf 80' lang='lat' dir='ltr'><strong>omnibus</strong></span> <span class='ocrx_word' id='word_1_24' title='bbox 350 778 644 855; x_wconf 79' lang='lat' dir='ltr'><strong>dubitationibus</strong></span> <span class='ocrx_word' id='word_1_25' title='bbox 671 805 868 854; x_wconf 86' lang='lat' dir='ltr'><strong>occurrere</strong></span> <span class='ocrx_word' id='word_1_26' title='bbox 904 795 941 852; x_wconf 90' lang='lat' dir='ltr'><strong>et</strong></span> <span class='ocrx_word' id='word_1_27' title='bbox 975 782 1074 852; x_wconf 89' lang='lat' dir='ltr'><strong>Tuas</strong></span> <span class='ocrx_word' id='word_1_28' title='bbox 1108 804 1175 851; x_wconf 79' lang='lat' dir='ltr'><strong>ra·-</strong></span> 
     </span>
     <span class='ocr_line' id='line_1_6' title="bbox 108 898 1175 1004; baseline -0.007 -24"><span class='ocrx_word' id='word_1_29' title='bbox 108 907 259 980; x_wconf 82' lang='lat' dir='ltr'><strong>¹tiones</strong></span> <span class='ocrx_word' id='word_1_30' title='bbox 286 899 334 976; x_wconf 90' lang='lat' dir='ltr'><strong>ab</strong></span> <span class='ocrx_word' id='word_1_31' title='bbox 369 905 470 976; x_wconf 91' lang='lat' dir='ltr'><strong>omni</strong></span> <span class='ocrx_word' id='word_1_32' title='bbox 503 919 606 1004; x_wconf 87' lang='lat' dir='ltr'><strong>parte</strong></span> <span class='ocrx_word' id='word_1_33' title='bbox 640 901 843 977; x_wconf 83' lang='lat' dir='ltr'><strong>defendere</strong></span> <span class='ocrx_word' id='word_1_34' title='bbox 879 925 1004 974; x_wconf 83' lang='lat' dir='ltr'><strong>conor.</strong></span> <span class='ocrx_word' id='word_1_35' title='bbox 1032 898 1175 1000; x_wconf 87' lang='lat' dir='ltr'><strong>Quibus</strong></span> 
     </span>
     <span class='ocr_line' id='line_1_7' title="bbox 55 1021 1175 1124; baseline -0.008 -24"><span class='ocrx_word' id='word_1_36' title='bbox 55 1078 57 1082; x_wconf 27' lang='grc' dir='ltr'><strong><em>ι</em></strong></span> <span class='ocrx_word' id='word_1_37' title='bbox 136 1026 170 1100; x_wconf 87' lang='lat' dir='ltr'><strong>si</strong></span> <span class='ocrx_word' id='word_1_38' title='bbox 198 1021 289 1124; x_wconf 93' lang='lat' dir='ltr'><strong>quid</strong></span> <span class='ocrx_word' id='word_1_39' title='bbox 315 1021 466 1098; x_wconf 87' lang='lat' dir='ltr'><strong>adrem</strong></span> <span class='ocrx_word' id='word_1_40' title='bbox 492 1026 639 1124; x_wconf 87' lang='lat' dir='ltr'><strong>penitus</strong></span> <span class='ocrx_word' id='word_1_41' title='bbox 667 1021 928 1122; x_wconf 83' lang='lat' dir='ltr'><strong>explorandam</strong></span> <span class='ocrx_word' id='word_1_42' title='bbox 956 1022 1175 1122; x_wconf 86' lang='lat' dir='ltr'><strong>praestitum</strong></span> 
     </span>
     <span class='ocr_line' id='line_1_8' title="bbox 135 1137 1174 1237; baseline -0.004 -19"><span class='ocrx_word' id='word_1_43' title='bbox 135 1145 378 1237; x_wconf 41' lang='lat' dir='ltr'><strong>sit,⁷utinam¹</strong></span> <span class='ocrx_word' id='word_1_44' title='bbox 395 1143 525 1219; x_wconf 86' lang='lat' dir='ltr'><strong>saltem</strong></span> <span class='ocrx_word' id='word_1_45' title='bbox 552 1160 589 1217; x_wconf 91' lang='lat' dir='ltr'><strong>et</strong></span> <span class='ocrx_word' id='word_1_46' title='bbox 621 1147 720 1218; x_wconf 86' lang='lat' dir='ltr'><strong>Tuae</strong></span> <span class='ocrx_word' id='word_1_47' title='bbox 737 1142 861 1218; x_wconf 68' lang='lat' dir='ltr'><strong>‘simul</strong></span> <span class='ocrx_word' id='word_1_48' title='bbox 894 1142 1110 1216; x_wconf 83' lang='lat' dir='ltr'><strong>humanitati</strong></span> <span class='ocrx_word' id='word_1_49' title='bbox 1137 1137 1174 1214; x_wconf 80' lang='lat' dir='ltr'><strong>et</strong></span> 
     </span>
     <span class='ocr_line' id='line_1_9' title="bbox 135 1263 1172 1364; baseline -0.004 -26"><span class='ocrx_word' id='word_1_50' title='bbox 135 1290 245 1340; x_wconf 87' lang='lat' dir='ltr'><strong>meae</strong></span> <span class='ocrx_word' id='word_1_51' title='bbox 277 1267 317 1339; x_wconf 89' lang='lat' dir='ltr'><strong>in</strong></span> <span class='ocrx_word' id='word_1_52' title='bbox 350 1267 412 1338; x_wconf 79' lang='lat' dir='ltr'><strong>Te·</strong></span> <span class='ocrx_word' id='word_1_53' title='bbox 441 1265 618 1339; x_wconf 89' lang='lat' dir='ltr'><strong>voluntati</strong></span> <span class='ocrx_word' id='word_1_54' title='bbox 659 1268 745 1340; x_wconf 89' lang='lat' dir='ltr'><strong>satis</strong></span> <span class='ocrx_word' id='word_1_55' title='bbox 778 1263 1048 1364; x_wconf 86' lang='lat' dir='ltr'><strong>responderim.</strong></span> <span class='ocrx_word' id='word_1_56' title='bbox 1109 1263 1172 1336; x_wconf 90' lang='lat' dir='ltr'><strong>Sin</strong></span> 
     </span>
     <span class='ocr_line' id='line_1_10' title="bbox 133 1382 1171 1488; baseline -0.005 -28"><span class='ocrx_word' id='word_1_57' title='bbox 133 1402 261 1460; x_wconf 88' lang='lat' dir='ltr'><strong>antem</strong></span> <span class='ocrx_word' id='word_1_58' title='bbox 286 1388 326 1457; x_wconf 91' lang='lat' dir='ltr'><strong>in</strong></span> <span class='ocrx_word' id='word_1_59' title='bbox 352 1383 411 1459; x_wconf 90' lang='lat' dir='ltr'><strong>his</strong></span> <span class='ocrx_word' id='word_1_60' title='bbox 436 1387 539 1486; x_wconf 89' lang='lat' dir='ltr'><strong>ipsis,</strong></span> <span class='ocrx_word' id='word_1_61' title='bbox 562 1385 668 1484; x_wconf 44' lang='lat' dir='ltr'><strong>*qnod</strong></span> <span class='ocrx_word' id='word_1_62' title='bbox 684 1385 740 1488; x_wconf 87' lang='lat' dir='ltr'><strong>de</strong></span> <span class='ocrx_word' id='word_1_63' title='bbox 765 1386 845 1463; x_wconf 87' lang='lat' dir='ltr'><strong>aliis</strong></span> <span class='ocrx_word' id='word_1_64' title='bbox 873 1388 982 1460; x_wconf 86' lang='lat' dir='ltr'><strong>etiam</strong></span> <span class='ocrx_word' id='word_1_65' title='bbox 1008 1382 1171 1484; x_wconf 91' lang='lat' dir='ltr'><strong>quibus-</strong></span> 
     </span>
     <span class='ocr_line' id='line_1_11' title="bbox 134 1504 1171 1600; baseline -0.005 -19"><span class='ocrx_word' id='word_1_66' title='bbox 134 1506 225 1581; x_wconf 89' lang='lat' dir='ltr'><strong>dam</strong></span> <span class='ocrx_word' id='word_1_67' title='bbox 252 1506 422 1580; x_wconf 87' lang='lat' dir='ltr'><strong>confiteri</strong></span> <span class='ocrx_word' id='word_1_68' title='bbox 456 1521 604 1600; x_wconf 90' lang='lat' dir='ltr'><strong>teneor,</strong></span> <span class='ocrx_word' id='word_1_69' title='bbox 638 1530 713 1580; x_wconf 89' lang='lat' dir='ltr'><strong>non</strong></span> <span class='ocrx_word' id='word_1_70' title='bbox 745 1510 784 1578; x_wconf 89' lang='lat' dir='ltr'><strong>in</strong></span> <span class='ocrx_word' id='word_1_71' title='bbox 809 1531 883 1580; x_wconf 89' lang='lat' dir='ltr'><strong>una</strong></span> <span class='ocrx_word' id='word_1_72' title='bbox 909 1504 990 1579; x_wconf 90' lang='lat' dir='ltr'><strong>sola</strong></span> <span class='ocrx_word' id='word_1_73' title='bbox 1016 1520 1171 1595; x_wconf 89' lang='lat' dir='ltr'><strong>senten-</strong></span> 
     </span>
     <span class='ocr_line' id='line_1_12' title="bbox 132 1613 1170 1728; baseline -0.004 -26"><span class='ocrx_word' id='word_1_74' title='bbox 132 1631 186 1702; x_wconf 88' lang='lat' dir='ltr'><strong>tia</strong></span> <span class='ocrx_word' id='word_1_75' title='bbox 212 1629 399 1728; x_wconf 87' lang='lat' dir='ltr'><strong>acquievi,</strong></span> <span class='ocrx_word' id='word_1_76' title='bbox 434 1625 504 1701; x_wconf 89' lang='lat' dir='ltr'><strong>sed</strong></span> <span class='ocrx_word' id='word_1_77' title='bbox 536 1613 771 1727; x_wconf 60' lang='lat' dir='ltr'><strong>argumentis¹&gt;</strong></span> <span class='ocrx_word' id='word_1_78' title='bbox 794 1631 833 1700; x_wconf 93' lang='lat' dir='ltr'><strong>in</strong></span> <span class='ocrx_word' id='word_1_79' title='bbox 860 1643 1061 1724; x_wconf 89' lang='lat' dir='ltr'><strong>utramque.</strong></span> <span class='ocrx_word' id='word_1_80' title='bbox 1076 1650 1170 1724; x_wconf 89' lang='lat' dir='ltr'><strong>par-</strong></span> 
     </span>
     <span class='ocr_line' id='line_1_13' title="bbox 130 1744 1169 1847; baseline -0.006 -25"><span class='ocrx_word' id='word_1_81' title='bbox 130 1747 210 1822; x_wconf 89' lang='lat' dir='ltr'><strong>tem</strong></span> <span class='ocrx_word' id='word_1_82' title='bbox 243 1750 407 1823; x_wconf 84' lang='lat' dir='ltr'><strong>excussis</strong></span> <span class='ocrx_word' id='word_1_83' title='bbox 437 1772 517 1822; x_wconf 88' lang='lat' dir='ltr'><strong>rem</strong></span> <span class='ocrx_word' id='word_1_84' title='bbox 549 1748 620 1820; x_wconf 90' lang='lat' dir='ltr'><strong>sub</strong></span> <span class='ocrx_word' id='word_1_85' title='bbox 655 1746 775 1821; x_wconf 91' lang='lat' dir='ltr'><strong>iudice</strong></span> <span class='ocrx_word' id='word_1_86' title='bbox 808 1744 1169 1847; x_wconf 70' lang='lat' dir='ltr'><strong>relinqueremini,</strong></span> 
     </span>
     <span class='ocr_line' id='line_1_14' title="bbox 133 1852 1168 1966; baseline -0.002 -24"><span class='ocrx_word' id='word_1_87' title='bbox 133 1852 193 1944; x_wconf 87' lang='lat' dir='ltr'><strong>Tu</strong></span> <span class='ocrx_word' id='word_1_88' title='bbox 220 1887 322 1960; x_wconf 86' lang='lat' dir='ltr'><strong>certe</strong></span> <span class='ocrx_word' id='word_1_89' title='bbox 346 1871 385 1942; x_wconf 93' lang='lat' dir='ltr'><strong>in</strong></span> <span class='ocrx_word' id='word_1_90' title='bbox 411 1894 495 1942; x_wconf 87' lang='lat' dir='ltr'><strong>mea</strong></span> <span class='ocrx_word' id='word_1_91' title='bbox 527 1866 597 1941; x_wconf 86' lang='lat' dir='ltr'><strong>hac</strong></span> <span class='ocrx_word' id='word_1_92' title='bbox 631 1870 774 1942; x_wconf 88' lang='lat' dir='ltr'><strong>ratione</strong></span> <span class='ocrx_word' id='word_1_93' title='bbox 801 1894 874 1942; x_wconf 94' lang='lat' dir='ltr'><strong>non</strong></span> <span class='ocrx_word' id='word_1_94' title='bbox 902 1865 1077 1960; x_wconf 89' lang='lat' dir='ltr'><strong>offendes,</strong></span> <span class='ocrx_word' id='word_1_95' title='bbox 1105 1869 1168 1966; x_wconf 91' lang='lat' dir='ltr'><strong>qui</strong></span> 
     </span>
     <span class='ocr_line' id='line_1_15' title="bbox 131 1990 1169 2091; baseline 0 -26"><span class='ocrx_word' id='word_1_96' title='bbox 131 1990 233 2066; x_wconf 84' lang='lat' dir='ltr'><strong>bene</strong></span> <span class='ocrx_word' id='word_1_97' title='bbox 258 1995 357 2065; x_wconf 90' lang='lat' dir='ltr'><strong>nosti</strong></span> <span class='ocrx_word' id='word_1_98' title='bbox 382 1993 540 2091; x_wconf 87' lang='lat' dir='ltr'><strong>ipseque</strong></span> <span class='ocrx_word' id='word_1_99' title='bbox 566 1992 655 2063; x_wconf 90' lang='lat' dir='ltr'><strong>satis</strong></span> <span class='ocrx_word' id='word_1_100' title='bbox 684 2007 857 2089; x_wconf 83' lang='lat' dir='ltr'><strong>expertus</strong></span> <span class='ocrx_word' id='word_1_101' title='bbox 872 2015 922 2082; x_wconf 92' lang='lat' dir='ltr'><strong>es,</strong></span> <span class='ocrx_word' id='word_1_102' title='bbox 950 2013 1062 2089; x_wconf 90' lang='lat' dir='ltr'><strong>quam</strong></span> <span class='ocrx_word' id='word_1_103' title='bbox 1085 1991 1169 2088; x_wconf 92' lang='lat' dir='ltr'><strong>spi-</strong></span> 
     </span>
     <span class='ocr_line' id='line_1_16' title="bbox 130 2108 1167 2210; baseline -0.002 -26"><span class='ocrx_word' id='word_1_104' title='bbox 130 2135 225 2184; x_wconf 89' lang='lat' dir='ltr'><strong>nosa</strong></span> <span class='ocrx_word' id='word_1_105' title='bbox 259 2127 295 2184; x_wconf 90' lang='lat' dir='ltr'><strong>et</strong></span> <span class='ocrx_word' id='word_1_106' title='bbox 327 2109 472 2185; x_wconf 89' lang='lat' dir='ltr'><strong>lubrica</strong></span> <span class='ocrx_word' id='word_1_107' title='bbox 506 2108 556 2183; x_wconf 93' lang='lat' dir='ltr'><strong>de</strong></span> <span class='ocrx_word' id='word_1_108' title='bbox 596 2110 656 2184; x_wconf 92' lang='lat' dir='ltr'><strong>bis</strong></span> <span class='ocrx_word' id='word_1_109' title='bbox 689 2111 804 2184; x_wconf 90' lang='lat' dir='ltr'><strong>rebus</strong></span> <span class='ocrx_word' id='word_1_110' title='bbox 841 2111 1038 2210; x_wconf 85' lang='lat' dir='ltr'><strong>exploratio</strong></span> <span class='ocrx_word' id='word_1_111' title='bbox 1077 2111 1167 2183; x_wconf 84' lang='lat' dir='ltr'><strong>sue-</strong></span> 
     </span>
     <span class='ocr_line' id='line_1_17' title="bbox 121 2231 1166 2332; baseline -0.004 -25"><span class='ocrx_word' id='word_1_112' title='bbox 121 2234 189 2307; x_wconf 83' lang='lat' dir='ltr'><strong>rit.</strong></span> <span class='ocrx_word' id='word_1_113' title='bbox 240 2234 345 2306; x_wconf 86' lang='lat' dir='ltr'><strong>Fecit</strong></span> <span class='ocrx_word' id='word_1_114' title='bbox 370 2231 445 2304; x_wconf 90' lang='lat' dir='ltr'><strong>hoe</strong></span> <span class='ocrx_word' id='word_1_115' title='bbox 478 2256 603 2305; x_wconf 90' lang='lat' dir='ltr'><strong>meum</strong></span> <span class='ocrx_word' id='word_1_116' title='bbox 634 2231 864 2332; x_wconf 83' lang='lat' dir='ltr'><strong>indagandae</strong></span> <span class='ocrx_word' id='word_1_117' title='bbox 899 2234 1060 2305; x_wconf 88' lang='lat' dir='ltr'><strong>veritatis</strong></span> <span class='ocrx_word' id='word_1_118' title='bbox 1093 2258 1166 2306; x_wconf 90' lang='lat' dir='ltr'><strong>an-</strong></span> 
     </span>
     <span class='ocr_line' id='line_1_18' title="bbox 76 2336 1166 2452; baseline 0 -26"><span class='ocrx_word' id='word_1_119' title='bbox 76 2395 80 2399; x_wconf 96' lang='lat'>·</span> <span class='ocrx_word' id='word_1_120' title='bbox 130 2345 232 2426; x_wconf 73' lang='lat' dir='ltr'><strong>xinm</strong></span> <span class='ocrx_word' id='word_1_121' title='bbox 259 2350 452 2452; x_wconf 89' lang='lat' dir='ltr'><strong>quoddam</strong></span> <span class='ocrx_word' id='word_1_122' title='bbox 478 2336 653 2444; x_wconf 81' lang='lat' dir='ltr'><strong>studium,</strong></span> <span class='ocrx_word' id='word_1_123' title='bbox 680 2352 782 2450; x_wconf 93' lang='lat' dir='ltr'><strong>qnod</strong></span> <span class='ocrx_word' id='word_1_124' title='bbox 807 2357 930 2452; x_wconf 90' lang='lat' dir='ltr'><strong>ipsum</strong></span> <span class='ocrx_word' id='word_1_125' title='bbox 959 2356 1047 2425; x_wconf 88' lang='lat' dir='ltr'><strong>etsi</strong></span> <span class='ocrx_word' id='word_1_126' title='bbox 1075 2353 1166 2452; x_wconf 90' lang='lat' dir='ltr'><strong>quid</strong></span> 
     </span>
     <span class='ocr_line' id='line_1_19' title="bbox 129 2471 1192 2574; baseline -0.001 -27"><span class='ocrx_word' id='word_1_127' title='bbox 129 2498 177 2547; x_wconf 85' lang='lat' dir='ltr'><strong>ex</strong></span> <span class='ocrx_word' id='word_1_128' title='bbox 205 2499 250 2547; x_wconf 93' lang='lat' dir='ltr'><strong>eo</strong></span> <span class='ocrx_word' id='word_1_129' title='bbox 278 2472 401 2574; x_wconf 90' lang='lat' dir='ltr'><strong>probe</strong></span> <span class='ocrx_word' id='word_1_130' title='bbox 427 2501 449 2548; x_wconf 87' lang='lat' dir='ltr'><strong>a</strong></span> <span class='ocrx_word' id='word_1_131' title='bbox 474 2498 535 2546; x_wconf 91' lang='lat' dir='ltr'><strong>me</strong></span> <span class='ocrx_word' id='word_1_132' title='bbox 562 2471 815 2572; x_wconf 87' lang='lat' dir='ltr'><strong>absoluteque·</strong></span> <span class='ocrx_word' id='word_1_133' title='bbox 843 2471 1071 2572; x_wconf 88' lang='lat' dir='ltr'><strong>exploratum</strong></span> <span class='ocrx_word' id='word_1_134' title='bbox 1108 2479 1164 2568; x_wconf 90' lang='lat' dir='ltr'><strong>sit,</strong></span> <span class='ocrx_word' id='word_1_135' title='bbox 1188 2495 1192 2499; x_wconf 86' lang='grc'><em>·</em></span> 
     </span>
     <span class='ocr_line' id='line_1_20' title="bbox 129 2593 1164 2692; baseline -0.005 -23"><span class='ocrx_word' id='word_1_136' title='bbox 129 2593 220 2669; x_wconf 88' lang='lat' dir='ltr'><strong>Tibi</strong></span> <span class='ocrx_word' id='word_1_137' title='bbox 236 2593 371 2688; x_wconf 85' lang='lat' dir='ltr'><strong>debeo,</strong></span> <span class='ocrx_word' id='word_1_138' title='bbox 398 2600 491 2686; x_wconf 90' lang='lat' dir='ltr'><strong>Tuo,</strong></span> <span class='ocrx_word' id='word_1_139' title='bbox 517 2593 693 2688; x_wconf 86' lang='lat' dir='ltr'><strong>Boeckhi,</strong></span> <span class='ocrx_word' id='word_1_140' title='bbox 720 2593 900 2692; x_wconf 90' lang='lat' dir='ltr'><strong>exemplo,</strong></span> <span class='ocrx_word' id='word_1_141' title='bbox 926 2596 1014 2665; x_wconf 89' lang='lat' dir='ltr'><strong>Tuis</strong></span> <span class='ocrx_word' id='word_1_142' title='bbox 1037 2596 1164 2665; x_wconf 89' lang='lat' dir='ltr'><strong>moni-</strong></span> 
     </span>
     <span class='ocr_line' id='line_1_21' title="bbox 129 2714 1163 2811; baseline -0.003 -20"><span class='ocrx_word' id='word_1_143' title='bbox 129 2719 189 2808; x_wconf 88' lang='lat' dir='ltr'><strong>tis,</strong></span> <span class='ocrx_word' id='word_1_144' title='bbox 216 2715 318 2791; x_wconf 86' lang='lat' dir='ltr'><strong>Tuae</strong></span> <span class='ocrx_word' id='word_1_145' title='bbox 344 2716 414 2811; x_wconf 92' lang='lat' dir='ltr'><strong>illi,</strong></span> <span class='ocrx_word' id='word_1_146' title='bbox 449 2719 552 2792; x_wconf 88' lang='lat' dir='ltr'><strong>euius</strong></span> <span class='ocrx_word' id='word_1_147' title='bbox 587 2718 803 2792; x_wconf 86' lang='lat' dir='ltr'><strong>suavissima</strong></span> <span class='ocrx_word' id='word_1_148' title='bbox 835 2714 1045 2789; x_wconf 83' lang='lat' dir='ltr'><strong>recordatio</strong></span> <span class='ocrx_word' id='word_1_149' title='bbox 1078 2718 1163 2788; x_wconf 87' lang='lat' dir='ltr'><strong>ani-</strong></span> 
     </span>
     <span class='ocr_line' id='line_1_22' title="bbox 128 2822 1162 2939; baseline 0.001 -29"><span class='ocrx_word' id='word_1_150' title='bbox 128 2861 232 2911; x_wconf 91' lang='lat' dir='ltr'><strong>mum</strong></span> <span class='ocrx_word' id='word_1_151' title='bbox 257 2837 398 2938; x_wconf 88' lang='lat' dir='ltr'><strong>ubique</strong></span> <span class='ocrx_word' id='word_1_152' title='bbox 423 2838 615 2939; x_wconf 89' lang='lat' dir='ltr'><strong>perfundit</strong></span> <span class='ocrx_word' id='word_1_153' title='bbox 622 2835 642 2931; x_wconf 85' lang='lat'><strong>,&#39;</strong></span> <span class='ocrx_word' id='word_1_154' title='bbox 659 2822 892 2929; x_wconf 86' lang='lat' dir='ltr'><strong>humanitati,</strong></span> <span class='ocrx_word' id='word_1_155' title='bbox 929 2862 1034 2936; x_wconf 92' lang='lat' dir='ltr'><strong>quae,</strong></span> <span class='ocrx_word' id='word_1_156' title='bbox 1072 2836 1162 2911; x_wconf 92' lang='lat' dir='ltr'><strong>dum</strong></span> 
     </span>
     <span class='ocr_line' id='line_1_23' title="bbox 73 2959 1162 3058; baseline -0.001 -27"><span class='ocrx_word' id='word_1_157' title='bbox 73 3010 76 3016; x_wconf 86' lang='lat'>-</span> <span class='ocrx_word' id='word_1_158' title='bbox 127 2962 226 3032; x_wconf 85' lang='lat' dir='ltr'><strong>inter</strong></span> <span class='ocrx_word' id='word_1_159' title='bbox 252 2984 348 3058; x_wconf 85' lang='lat' dir='ltr'><strong>opus</strong></span> <span class='ocrx_word' id='word_1_160' title='bbox 375 2959 639 3035; x_wconf 87' lang='lat' dir='ltr'><strong>elaborandum</strong></span> <span class='ocrx_word' id='word_1_161' title='bbox 673 2961 834 3035; x_wconf 88' lang='lat' dir='ltr'><strong>externis</strong></span> <span class='ocrx_word' id='word_1_162' title='bbox 861 2962 966 3031; x_wconf 85' lang='lat' dir='ltr'><strong>curis</strong></span> <span class='ocrx_word' id='word_1_163' title='bbox 1001 2963 1162 3058; x_wconf 85' lang='lat' dir='ltr'><strong>graviter</strong></span> 
     </span>
     <span class='ocr_line' id='line_1_24' title="bbox 66 3078 1161 3178; baseline -0.002 -24"><span class='ocrx_word' id='word_1_164' title='bbox 66 3111 68 3115; x_wconf 64' lang='grc'>’</span> <span class='ocrx_word' id='word_1_165' title='bbox 130 3078 262 3154; x_wconf 87' lang='lat' dir='ltr'><strong>affecto</strong></span> <span class='ocrx_word' id='word_1_166' title='bbox 298 3084 394 3154; x_wconf 86' lang='lat' dir='ltr'><strong>vires</strong></span> <span class='ocrx_word' id='word_1_167' title='bbox 429 3081 663 3178; x_wconf 87' lang='lat' dir='ltr'><strong>deficiebant,</strong></span> <span class='ocrx_word' id='word_1_168' title='bbox 704 3097 872 3155; x_wconf 90' lang='lat' dir='ltr'><strong>tenacem</strong></span> <span class='ocrx_word' id='word_1_169' title='bbox 900 3103 981 3151; x_wconf 89' lang='lat' dir='ltr'><strong>esse</strong></span> <span class='ocrx_word' id='word_1_170' title='bbox 1007 3103 1067 3150; x_wconf 92' lang='lat' dir='ltr'><strong>me</strong></span> <span class='ocrx_word' id='word_1_171' title='bbox 1093 3105 1161 3152; x_wconf 87' lang='lat' dir='ltr'><strong>us·-</strong></span> 
     </span>
     <span class='ocr_line' id='line_1_25' title="bbox 127 3199 1174 3313; baseline -0.001 -38"><span class='ocrx_word' id='word_1_172' title='bbox 127 3227 203 3303; x_wconf 92' lang='lat' dir='ltr'><strong>que</strong></span> <span class='ocrx_word' id='word_1_173' title='bbox 227 3203 410 3303; x_wconf 85' lang='lat' dir='ltr'><strong>propositi</strong></span> <span class='ocrx_word' id='word_1_174' title='bbox 437 3206 542 3278; x_wconf 91' lang='lat' dir='ltr'><strong>iussit</strong></span> <span class='ocrx_word' id='word_1_175' title='bbox 555 3219 592 3277; x_wconf 91' lang='lat' dir='ltr'><strong>et</strong></span> <span class='ocrx_word' id='word_1_176' title='bbox 605 3217 809 3277; x_wconf 87' lang='lat' dir='ltr'><strong>recreatum</strong></span> <span class='ocrx_word' id='word_1_177' title='bbox 835 3199 885 3273; x_wconf 90' lang='lat' dir='ltr'><strong>ad</strong></span> <span class='ocrx_word' id='word_1_178' title='bbox 909 3216 1160 3313; x_wconf 81' lang='lat' dir='ltr'><strong>perseveran-</strong></span> <span class='ocrx_word' id='word_1_179' title='bbox 1172 3201 1174 3206; x_wconf 34' lang='lat'>⁸</span> 
     </span>
     <span class='ocr_line' id='line_1_26' title="bbox 125 3300 1161 3423; baseline 0 -27"><span class='ocrx_word' id='word_1_180' title='bbox 125 3325 217 3396; x_wconf 90' lang='lat' dir='ltr'><strong>tiam</strong></span> <span class='ocrx_word' id='word_1_181' title='bbox 241 3325 443 3404; x_wconf 80' lang='lat' dir='ltr'><strong>revocavit</strong></span> <span class='ocrx_word' id='word_1_182' title='bbox 483 3329 668 3404; x_wconf 87' lang='lat' dir='ltr'><strong>Ceterum</strong></span> <span class='ocrx_word' id='word_1_183' title='bbox 700 3348 777 3399; x_wconf 89' lang='lat' dir='ltr'><strong>non</strong></span> <span class='ocrx_word' id='word_1_184' title='bbox 811 3310 905 3423; x_wconf 75' lang='lat' dir='ltr'><strong>fugit</strong></span> <span class='ocrx_word' id='word_1_185' title='bbox 937 3346 1018 3415; x_wconf 90' lang='lat' dir='ltr'><strong>me,</strong></span> <span class='ocrx_word' id='word_1_186' title='bbox 1045 3300 1161 3397; x_wconf 83' lang='lat' dir='ltr'><strong>multa</strong></span> 
     </span>
     <span class='ocr_line' id='line_1_27' title="bbox 74 3443 1159 3548; baseline 0 -30"><span class='ocrx_word' id='word_1_187' title='bbox 74 3454 79 3462; x_wconf 83' lang='lat'>&#39;</span> <span class='ocrx_word' id='word_1_188' title='bbox 115 3446 167 3548; x_wconf 77' lang='lat' dir='ltr'><strong>¹in</strong></span> <span class='ocrx_word' id='word_1_189' title='bbox 191 3443 290 3521; x_wconf 90' lang='lat' dir='ltr'><strong>libro</strong></span> <span class='ocrx_word' id='word_1_190' title='bbox 316 3445 390 3522; x_wconf 92' lang='lat' dir='ltr'><strong>boc</strong></span> <span class='ocrx_word' id='word_1_191' title='bbox 404 3447 697 3523; x_wconf 88' lang='lat' dir='ltr'><strong>desideraturum</strong></span> <span class='ocrx_word' id='word_1_192' title='bbox 715 3471 796 3520; x_wconf 89' lang='lat' dir='ltr'><strong>esse</strong></span> <span class='ocrx_word' id='word_1_193' title='bbox 824 3446 869 3519; x_wconf 85' lang='lat' dir='ltr'><strong>et</strong></span> <span class='ocrx_word' id='word_1_194' title='bbox 878 3448 943 3538; x_wconf 90' lang='lat' dir='ltr'><strong>Te,</strong></span> <span class='ocrx_word' id='word_1_195' title='bbox 969 3446 1159 3546; x_wconf 83' lang='lat' dir='ltr'><strong>aequissi-</strong></span> 
     </span>
     <span class='ocr_line' id='line_1_28' title="bbox 124 3565 1157 3671; baseline 0 -31"><span class='ocrx_word' id='word_1_196' title='bbox 124 3566 260 3640; x_wconf 90' lang='lat' dir='ltr'><strong>simum</strong></span> <span class='ocrx_word' id='word_1_197' title='bbox 274 3565 362 3642; x_wconf 88' lang='lat' dir='ltr'><strong>licet</strong></span> <span class='ocrx_word' id='word_1_198' title='bbox 381 3567 551 3662; x_wconf 87' lang='lat' dir='ltr'><strong>iudicem,</strong></span> <span class='ocrx_word' id='word_1_199' title='bbox 578 3586 614 3643; x_wconf 89' lang='lat' dir='ltr'><strong>et</strong></span> <span class='ocrx_word' id='word_1_200' title='bbox 640 3573 672 3643; x_wconf 87' lang='lat' dir='ltr'><strong>si</strong></span> <span class='ocrx_word' id='word_1_201' title='bbox 699 3593 810 3671; x_wconf 89' lang='lat' dir='ltr'><strong>quem</strong></span> <span class='ocrx_word' id='word_1_202' title='bbox 837 3567 947 3641; x_wconf 88' lang='lat' dir='ltr'><strong>alium</strong></span> <span class='ocrx_word' id='word_1_203' title='bbox 961 3567 1032 3641; x_wconf 90' lang='lat' dir='ltr'><strong>Tui</strong></span> <span class='ocrx_word' id='word_1_204' title='bbox 1048 3569 1157 3640; x_wconf 89' lang='lat' dir='ltr'><strong>simi-</strong></span> 
     </span>
     <span class='ocr_line' id='line_1_29' title="bbox 122 3685 1156 3791; baseline 0.001 -32"><span class='ocrx_word' id='word_1_205' title='bbox 122 3685 199 3760; x_wconf 90' lang='lat' dir='ltr'><strong>lem</strong></span> <span class='ocrx_word' id='word_1_206' title='bbox 216 3691 404 3764; x_wconf 83' lang='lat' dir='ltr'><strong>invenero.</strong></span> <span class='ocrx_word' id='word_1_207' title='bbox 457 3694 624 3783; x_wconf 88' lang='lat' dir='ltr'><strong>Quorum</strong></span> <span class='ocrx_word' id='word_1_208' title='bbox 646 3690 717 3765; x_wconf 86' lang='lat' dir='ltr'><strong>alia</strong></span> <span class='ocrx_word' id='word_1_209' title='bbox 732 3686 884 3791; x_wconf 90' lang='lat' dir='ltr'><strong>quidem</strong></span> <span class='ocrx_word' id='word_1_210' title='bbox 909 3686 995 3781; x_wconf 90' lang='lat' dir='ltr'><strong>loci,</strong></span> <span class='ocrx_word' id='word_1_211' title='bbox 1021 3689 1156 3787; x_wconf 87' lang='lat' dir='ltr'><strong>inquo</strong></span> 
     </span>
     <span class='ocr_line' id='line_1_30' title="bbox 122 3792 1158 3914; baseline 0.004 -36"><span class='ocrx_word' id='word_1_212' title='bbox 122 3820 263 3902; x_wconf 85' lang='lat' dir='ltr'><strong>moror,</strong></span> <span class='ocrx_word' id='word_1_213' title='bbox 284 3828 434 3887; x_wconf 87' lang='lat' dir='ltr'><strong>excuset</strong></span> <span class='ocrx_word' id='word_1_214' title='bbox 451 3792 628 3906; x_wconf 86' lang='lat' dir='ltr'><strong>conditio,</strong></span> <span class='ocrx_word' id='word_1_215' title='bbox 644 3812 813 3903; x_wconf 88' lang='lat' dir='ltr'><strong>maxime,</strong></span> <span class='ocrx_word' id='word_1_216' title='bbox 829 3809 933 3914; x_wconf 91' lang='lat' dir='ltr'><strong>qnod</strong></span> <span class='ocrx_word' id='word_1_217' title='bbox 944 3815 1158 3911; x_wconf 86' lang='lat' dir='ltr'><strong>Harpocra-</strong></span> 
     </span>
     <span class='ocr_line' id='line_1_31' title="bbox 122 3929 1154 4036; baseline 0 -35"><span class='ocrx_word' id='word_1_218' title='bbox 122 3929 264 4004; x_wconf 85' lang='lat' dir='ltr'><strong>tionem</strong></span> <span class='ocrx_word' id='word_1_219' title='bbox 306 3935 443 4025; x_wconf 89' lang='lat' dir='ltr'><strong>minus,</strong></span> <span class='ocrx_word' id='word_1_220' title='bbox 484 3958 597 4035; x_wconf 90' lang='lat' dir='ltr'><strong>quam</strong></span> <span class='ocrx_word' id='word_1_221' title='bbox 640 3930 862 4036; x_wconf 86' lang='lat' dir='ltr'><strong>oporteret,</strong></span> <span class='ocrx_word' id='word_1_222' title='bbox 889 3931 1154 4032; x_wconf 90' lang='lat' dir='ltr'><strong>exscripserim,</strong></span> 
     </span>
     <span class='ocr_line' id='line_1_32' title="bbox 119 4051 1154 4153; baseline 0 -29"><span class='ocrx_word' id='word_1_223' title='bbox 119 4064 202 4126; x_wconf 88' lang='lat' dir='ltr'><strong>tum</strong></span> <span class='ocrx_word' id='word_1_224' title='bbox 236 4051 342 4153; x_wconf 92' lang='lat' dir='ltr'><strong>qnod</strong></span> <span class='ocrx_word' id='word_1_225' title='bbox 375 4054 555 4134; x_wconf 87' lang='lat' dir='ltr'><strong>Voemelii</strong></span> <span class='ocrx_word' id='word_1_226' title='bbox 590 4058 928 4134; x_wconf 80' lang='lat' dir='ltr'><strong>commentationes</strong></span> <span class='ocrx_word' id='word_1_227' title='bbox 969 4056 1154 4134; x_wconf 86' lang='lat' dir='ltr'><strong>recentius</strong></span> 
     </span>
    </p>
   </div>
   <div class='ocr_carea' id='block_1_3' title="bbox 0 0 1302 4672">
    <p class='ocr_par' dir='ltr' id='par_1_3' title="bbox 0 0 1302 4672">
     <span class='ocr_line' id='line_1_33' title="bbox 0 0 1302 4672; baseline 0 6"><span class='ocrx_word' id='word_1_228' title='bbox 0 0 1302 4672; x_wconf 95' lang='lat' dir='ltr'><strong> </strong></span> 
     </span>
    </p>
   </div>
  </div>
 </body>
</html>
