2594 4672
507 236 520 253 ’
570 276 720 381 ‚aa

124 448 297 528 stantibus,
320 462 358 512 ex
379 445 494 512 Elatea
520 468 584 537 per
610 440 796 531 Phocidem
823 442 866 508 ad
896 443 1162 509 fines'Boeotiae

122 549 409 644 progrediebatur.
455 538 510 614 A'd
534 549 617 615 fines
640 555 732 615 enim
748 549 913 629 Boeotiae,
936 547 1162 640 septingento-

122 680 200 722 rum
221 654 403 722 stadiorum
424 654 542 745 spatio,
564 653 695 720 bellum
723 653 763 718 ab
792 653 906 718 Attica
932 653 1106 717 retinuisse
1129 674 1163 717 se

123 761 364 834 Demosthenes
387 755 546 848 gloriatur
568 781 616 824 or.
641 754 683 822 de
706 773 830 847 corp.
854 755 928 840 304.
973 759 1085 848 Atque
1108 756 1164 822 hie

123 855 263 956 quidem
286 881 361 930 unte
383 864 496 955 ipsum
516 862 748 947 Chaeronense
770 857 937 952 proelium
959 859 1046 925 duae
1074 883 1165 927 com-

122 971 245 1034 missae
265 978 342 1034 sun't
363 990 514 1058 pugnae,
538 987 681 1055 quarum
703 963 838 1031 alteram
860 967 908 1030 ἐπὶ
930 970 987 1030 τοῦ
1008 971 1163 1048 ποταμοῦ,

124 1073 263 1137 alteram
282 1064 460 1156 χειμερινὴν
481 1064 724 1139 Demosthenes
744 1057 856 1133 vocati
879 1066 922 1133 de
944 1088 1011 1135 cor.
1033 1093 1067 1159 p.
1091 1070 1166 1135 Boo.

123 1177 261 1238 Etenim
282 1173 398 1236 Elatea
419 1172 589 1245 Boeotiam
610 1194 720 1237 versus
741 1171 973 1262 progredienti
996 1172 1167 1237 traiicien-

88 1296 93 1305 ·
126 1274 189 1341 dus
214 1292 284 1369 erat
308 1271 487 1365 Cephissus
516 1272 636 1338 fluvius
665 1295 703 1339 eo
736 1272 828 1338 haud
857 1272 957 1338 dubie
983 1271 1073 1352 loco,
1090 1277 1175 1366 ,qui

124 1379 349 1468 Parapotamii
371 1378 566 1456 vocabatur,
596 1367 688 1442 CLX
717 1376 901 1444 stadiorum
929 1376 1101 1445 intervallo
1125 1380 1166 1445 ab

126 1480 243 1547 Elatea
261 1482 352 1562 situs,
377 1482 440 1548 XL
467 1505 486 1545 a
512 1480 724 1561 Chaeronea,
751 1483 862 1571 prima
890 1466 1046 1548 Boeotiae
1072 1483 1166 1563 urb'e,

127 1583 170 1651 nd
198 1585 413 1651 retinendum
428 1585 570 1669 hostem
595 1572 887 1676 peropportunus.
924 1585 966 1651 V.
988 1587 1166 1652 'Mannert

128 1689 249 1799 Geogr.
293 1688 369 1757 Vol.
395 1690 532 1781 vltt,p
568 1691 619 1778 78.
664 1689 730 1755 Hie
758 1707 876 1780 sponte
909 1704 1000 1781 patet
1021 1693 1167 1780 primam

125 1792 219 1861 iliam
240 1818 390 1886 pugnam
412 1818 482 1860 esse
504 1794 724 1875 commissam,
748 1788 850 1887 quam
875 1796 923 1860 tat
946 1799 1002 1859 τοῦ
1024 1800 1190 1878 uetustati,

126 1898 368 1964 Demosthenes
390 1915 493 1965 vocat.
538 1899 691 1965 Alteram
712 1922 876 1990 pugnam,
899 1921 984 1990 quae
1007 1901 1167 1987 continuo

124 1998 216 2067 haud
239 1998 339 2068 dubie
360 2002 456 2069 illam
479 2003 626 2093 excepit,
656 2002 836 2068 hiemalem
866 2026 936 2068 esse
964 2026 1033 2070 non
1060 2027 1167 2096 posse,

126 2106 163 2173 id
186 2104 278 2196 quod
300 2104 475 2178 contendit
494 2105 664 2174 Weishius
688 2105 709 2172 l.
734 2130 788 2186 c.,·
808 2108 918 2173 omnis
945 2132 1061 2174 rerum
1085 2099 1178 2178 ordo

128 2209 343 2290 demonstrat,
367 2234 468 2301 quem
489 2210 664 2300 hucusque
691 2212 857 2302 persecuti
885 2212 1006 2277 sumus.
1050 2213 1169 2306 Neque

128 2313 406 2381 commorandum
434 2314 533 2381 nobis
561 2313 694 2379 videtur
729 2315 764 2378 in
801 2314 934 2380 Corsini
974 2319 1169 2397 temeritate,

128 2419 188 2509 qui
211 2413 359 2510 pugnam
381 2419 469 2484 hane
492 2421 702 2483 commissam
724 2419 865 2510 opinans
887 2418 979 2510 apud
1003 2420 1170 2510 Aspledo-

126 2547 225 2603 nem,
257 2522 376 2610 urbem
403 2524 557 2604 Boeotiae
590 2523 655 2587 XX
683 2522 867 2588 stadiorum
893 2524 1016 2615 spatio
1032 2525 1073 2589 ab
1103 2527 1170 2592 Or-

127 2626 292 2694 chomeno
326 2628 440 2709 sitam,
469 2627 708 2720 posterioribus
739 2619 942 2718 temporibus
973 2629 1072 2694 etiam
1103 2633 1170 2701 Εὐ·
1250 2627 1252 2631 ’

129 2724 245 2798 duitor
268 2720 392 2825 dictam
416 2749 497 2800 teste
520 2731 701 2813 Strabone,
732 2730 825 2823 quod
846 2734 938 2824 regio
963 2733 1043 2816 eius,
1066 2752 1104 2801 ut
1126 2737 1171 2804 ait
1242 2820 1244 2824 Ι

85 2882 88 2887 -
131 2835 262 2916 Strabo,
296 2838 433 2920 μάλιστα
456 2835 629 2923 rogataque
650 2835 766 2918 fuerit,
798 2835 877 2902 inde
906 2860 992 2904 novo
1025 2840 1172 2931 regionis

128 2941 266 3006 nomine
289 2942 436 3020 invento,
458 2943 528 3026 napi
551 2940 608 3025 τὴν
627 2941 847 3027 Εὐχειμερινήν
868 2941 959 3031 apud
972 2923 1171 3009 Deinosthe-

128 3067 207 3108 nem
229 3042 409 3134 legendum
440 3068 509 3110 esse
538 3047 681 3111 coniecit
711 3045 764 3132 (F.
791 3048 832 3110 A.
863 3044 939 3110 diss.
969 3046 1028 3126 III,
1052 3047 1082 3134 §-
1105 3050 1169 3131 23).

131 3146 222 3231 Quid
249 3147 374 3214 multa?
427 3150 542 3240 Pugna
566 3147 742 3236 χειμερινῇ,
779 3172 884 3239 quum
913 3148 1068 3215 hiemalis
1100 3135 1197 3218 esse¹

69 3277 72 3284 ⁴
129 3276 199 3319 non
221 3254 335 3344 possit,
359 3254 488 3345 quippe
510 3277 597 3344 quae
614 3253 788 3319 commissa
805 3250 979 3320 manifesto
1002 3254 1045 3320 sit
1057 3278 1171 3323 mense

118 3358 252 3446 ‘aestivo
286 3348 585 3438 Hecatombaeone,
620 3356 662 3423 de
697 3358 910 3449 corruptione
943 3361 1030 3435 vocis
1059 3380 1170 3428 autem

69 3520 71 3529 .
129 3479 168 3528 ut
195 3462 375 3551 cogitetur,
405 3464 539 3529 criticae
564 3463 707 3527 rationes
738 3484 953 3553 nequaquam
988 3465 1169 3556 patientur,

131 3590 208 3630 eum
231 3565 363 3632 Reishio
390 3563 626 3659 procellosa
656 3564 799 3631 dicenda
828 3566 1003 3635 manifesto
1026 3586 1089 3652 est,
1118 3569 1173 3636 vel

130 3680 369 3761 tempestuosa,
398 3671 431 3736 h.
461 3696 489 3737 e.
521 3694 607 3765 quae
637 3668 787 3763 procella
828 3671 980 3762 (χειμῶνι)
1007 3672 1173 3767 interpel-

130 3773 197 3840 lata
220 3791 268 3839 est
289 3772 340 3840 vel
362 3773 514 3855 diremta.
537 3802 539 3806 ⁸
567 3780 580 3835 .’
1240 3832 1246 3861 ,,

220 3868 370 3970 Utraque
403 3869 486 3946 haee
513 3903 627 3971 pugna
660 3876 835 3973 commissa
867 3876 957 3945 haud
992 3876 1096 3951 dubie
1123 3882 1186 3965 eet,
1257 3920 1261 3923 ·

136 3981 274 4074 Olymp.
305 3982 397 4063 CX,
422 3985 441 4051 3
475 3984 762 4064 Hecatombaeone
800 3984 935 4061 circiter·
955 3980 1093 4065 medio,-

134 4105 277 4180 utraque
310 4087 551 4156 Demosthenes
580 4086 620 4176 (l.
650 4112 677 4155 e.
700 4112 735 4179 p.
767 4088 845 4177 300)
874 4088 1095 4183 egregiam
