2594 4672
511 244 513 248 ·
587 216 678 284 'vu

133 387 229 464 mihi
249 477 252 483 ,
275 391 528 511 suavissimam
575 393 691 469 affert.
758 395 870 490 Quod
919 423 1035 498 quum
1083 402 1177 500 grati

131 511 250 592 animi
289 514 368 587 mei
404 513 623 589 testificandi
664 540 781 618 causa
813 517 900 605 Tibi
940 519 1015 591 iam
1048 516 1186 610 offero,

130 630 309 708 daturum
325 637 379 709 Te
399 633 494 707 mihi
519 631 627 740 simul
650 630 749 707 hanc
775 652 857 704 esse
883 633 1027 702 veniam
1053 652 1178 729 spero,
1273 632 1275 637 ‘

129 764 176 823 ut
200 750 250 825 ad
277 755 330 823 Te
356 746 525 852 referam,
552 772 649 849 quae
675 747 725 820 ad
740 752 795 822 Te
810 746 951 821 referre
978 773 1065 821 cum
1091 771 1177 821 mee

128 872 194 941 me
220 867 356 966 pietas,
390 880 472 957 tum,
502 891 718 941 communes
751 881 898 943 nostrae
924 870 1085 943 rationes
1111 869 1177 942 iu-

128 986 232 1064 bere·
252 984 434 1062 videntur.

149 1143 152 1147 ·
236 1110 359 1202 Quum
391 1110 504 1209 igitur
537 1124 621 1185 ante
654 1108 726 1185 hos
753 1109 853 1184 duos
877 1107 956 1184 fere
983 1131 1101 1185 annos
1126 1131 1175 1183 ex

129 1225 212 1304 altis
237 1230 473 1329 antiquarum
504 1229 711 1305 litterarum
746 1230 983 1307 deverticulis
1008 1228 1058 1311 ad¹
1082 1252 1175 1305 ora-

129 1364 234 1424 tores
268 1352 409 1423 Atticos
445 1348 697 1444 devenissem,
742 1376 903 1451 quorum
935 1372 995 1425 me
1027 1351 1175 1450 primus
1288 1413 1289 1417 ,

127 1471 294 1570 propriis
321 1473 398 1542 suis
426 1469 682 1573 confessisque
703 1470 902 1546 virtutibus
927 1474 1087 1547 maxime
1111 1472 1174 1546 al-

124 1588 280 1665 liciebat
304 1590 589 1683 Demosthenes,
616 1591 721 1693 quod
748 1591 797 1666 ad
823 1596 879 1666 Te
894 1590 1172 1667 Schoemannus

126 1713 168 1786 in
195 1735 266 1786 suo
293 1709 341 1785 de
368 1713 523 1787 comitiis
548 1712 828 1786 Atheniensium
860 1711 976 1785 libro·
997 1737 1173 1813 conque-

126 1847 209 1907 stus
235 1848 303 1924 est,
329 1830 377 1906 ad
403 1833 480 1906 hoc
506 1835 731 1933 scriptorum
763 1857 882 1934 genus
908 1831 1032 1940 probe
1055 1835 1172 1909 intel-

124 1952 318 2055 ligendum
344 1977 476 2052 parum
501 1978 572 2026 nos
596 1979 676 2028 esse
700 1957 910 2047 instructos,
935 1979 1066 2032 verum
1078 1956 1171 2056 qui-

126 2072 218 2149 dem
242 2072 319 2147 hoc
346 2076 498 2148 omnino
527 2099 608 2150 esse
641 2075 751 2151 facile
783 2075 1047 2177 intelligebam.
1099 2081 1173 2151 At·-

124 2210 254 2271 tamen
280 2219 376 2295 quae
401 2195 450 2268 ad
484 2196 654 2270 forenses
686 2199 843 2270 maxime
876 2200 1062 2275 orationes
1094 2197 1175 2273 de·-

100 2312 311 2408 ¹,uideretur
338 2319 495 2390 civitatis
521 2319 773 2421 institutorum
790 2334 827 2390 et
845 2303 938 2393 iuris
963 2318 1174 2420 legumque

124 2440 310 2541 cognitio,
349 2463 432 2511 eam
466 2435 618 2537 quidem
654 2438 787 2511 affatim
822 2439 896 2529 iam
930 2464 974 2512 ex
1007 2442 1054 2513 iis
1088 2442 1168 2539 peti

123 2583 242 2661 posse
275 2560 462 2659 persensi,
504 2584 602 2661 quae
636 2563 797 2659 primum
831 2561 922 2651 Tua,
956 2583 1053 2660 quae
1080 2575 1167 2659 post

125 2684 181 2757 Te
216 2677 483 2770 Schoemanni‚
524 2706 622 2781 quae
656 2681 789 2754 Meieri
826 2679 1056 2783 aliorumque
1098 2706 1167 2772 ref·

125 2802 338 2883 «tentissime
372 2801 580 2901 exploravit
628 2817 665 2877 et
699 2800 953 2901 suppeditavit
986 2807 1178 2904 sagacitas

125 2938 164 2997 et
190 2920 389 3023 diligentia.
443 2920 516 2996 Sed
541 2924 580 2995 in
599 2949 653 2996 eo
679 2925 834 2998 maxime
857 2925 1066 2998 orationum
1084 2950 1166 3026 ge-

122 3067 237 3135 nere,
269 3042 376 3144 quod
402 3041 450 3116 ad
476 3045 531 3116 rei
557 3042 734 3143 publicae
767 3044 840 3119 fata
874 3043 1166 3120 administratio·

123 3188 287 3265 nemque
314 3168 505 3263 pertineat,
532 3189 608 3238 non
633 3164 728 3264 fugit
752 3188 813 3237 me
839 3188 958 3265 usque
979 3191 1049 3240 nos
1075 3191 1166 3240 mo-

122 3284 332 3361 lestissimis
360 3283 635 3359 difficultatibus
648 3270 835 3384 impediri,
857 3304 951 3387 quae
977 3288 1017 3361 in
1039 3274 1169 3371 rerum,
1261 3347 1263 3350 .

123 3422 314 3508 gestarum
332 3404 560 3480 obscuritate
577 3421 613 3479 et
632 3404 902 3506 discrepantiis,
928 3423 1165 3510 temporum-

124 3552 204 3629 que
228 3528 469 3601 inconstantia
504 3543 540 3601 et
572 3529 737 3627 ancipiti·
759 3525 980 3604 conditione
1007 3528 1192 3611 versen-¹

123 3665 198 3725 tur.
250 3651 381 3750 Neque
407 3673 497 3723 vero
523 3648 583 3722 his
617 3646 739 3749 probe
772 3666 1018 3751 accurateque
1045 3653 1165 3725 extri-

123 3766 257 3846 candia
273 3773 406 3865 Tuum,
422 3769 599 3859 Boeckhi,
627 3772 838 3871 exemplum
860 3770 996 3848 deerat.
1040 3776 1165 3862 ¹Tuam

123 3879 214 3975 dico
266 3888 315 3967 dc
338 3884 656 3965 'Demostheneae
703 3895 741 3965 in
769 3891 938 3979 'Midiam
989 3895 1165 3968 orationis

122 4009 373 4112 chronologia
405 4015 782 4105 Commentationem,
825 4032 939 4114 quae,
979 4029 1022 4087 ut
1055 4014 1165 4089 simili
1281 4074 1283 4078 .
