2594 4672
560 255 716 361 ...Pi-

122 426 242 493 dixcris
264 426 301 491 in
325 420 482 494 archonte
505 425 723 518 Mnesiphilo,
747 429 806 519 qui
830 427 928 493 etiam
950 423 1080 493 duobus
1102 423 1161 493 de-

123 532 222 600 cretis
252 531 477 622 praescriptus
507 548 556 596 est
584 531 633 622 (p.
662 531 724 600 235
754 548 787 597 et
809 532 902 619 238),
930 527 1010 596 licet
1035 531 1067 607 ,is
1096 555 1159 607 nec

123 632 165 702 ad
194 634 375 726 geminatas
402 636 573 726 prytanias
602 657 666 700 nec
694 633 738 700 ad
765 657 871 698 unum
902 657 1029 698 annum
1057 637 1162 727 perti-

122 756 210 807 neat
254 738 387 804 Poterat
409 739 516 820 enim,
535 738 589 805 cui
612 751 761 806 actorum
790 737 931 803 orationi
954 734 996 803 de
1019 760 1084 805 cor.
1108 739 1160 803 in-

122 858 287 907 serto1um
310 839 450 908 debetur
471 841 642 923 collectio,
672 838 760 907 illud
781 839 1013 907 Demosthenis
1043 859 1076 907 et
1096 841 1160 909 hoc

107 941 337 1011 'Callisthenis
360 943 531 1012 decretum
554 969 630 1012 cum
659 946 705 1011 eis
728 917 951 1023 confuddens,
981 958 1065 1035 quae
1095 944 1160 1016 lata

123 1066 202 1112 sunt
224 1047 280 1113 Ol.
306 1046 429 1127 CVIII,
454 1047 732 1138 nMunychione
748 1047 812 1129 III,
846 1064 878 1112 et
899 1045 1160 1139 Scirophorione

124 1151 274 1228 XXVII,
308 1165 489 1240 utrumque
504 1147 561 1229 jad
587 1174 693 1216 unum
716 1174 842 1215 annum
864 1149 998 1230 referre,
1032 1152 1160 1244 quippe
1216 1195 1219 1201 »

125 1251 217 1353 qarod
231 1251 386 1344 xalterum
403 1270 520 1344 quarto
551 1276 664 1318 mense
698 1269 774 1343 post
794 1251 935 1318 alterum
958 1251 1062 1319 latum
1084 1280 1162 1346 per-

125 1359 263 1448 ceperit,
286 1379 354 1423 non
379 1355 515 1446 quidem
539 1378 578 1421 ex
601 1379 666 1422 orn.
690 1354 732 1421 d0
744 1354 830 1420 male
845 1374 933 1448 gesta
951 1353 1058 1445 legat„
1081 1382 1162 1448 quas

125 1486 173 1527 ne>
201 1461 319 1550 legisse
354 1457 493 1551 quidem
526 1483 604 1524 curn
636 1457 849 1547 statuendum
879 1477 944 1539 est,
981 1457 1040 1525 sed
1070 1461 1163 1551 quod

126 1564 368 1630 Demosthenes
391 1581 456 1629 tres
478 1586 607 1643 menses
639 1581 857 1630 commoratos
886 1561 1008 1651 legatos
1030 1563 1067 1628 in
1090 1565 1163 1629 Ma·

125 1668 266 1732 cerlonia
289 1664 372 1732 dicit
393 1669 440 1759 (p
466 1669 551 1749 235),
575 1683 608 1732 et
629 1666 722 1733 brevi
750 1684 827 1757 post
849 1689 964 1747 eorum
987 1686 1027 1732 cx
1050 1669 1164 1740 Mace-

126 1769 228 1837 donia
248 1769 393 1837 reditum
423 1770 528 1837 latum
552 1768 763 1836 Callisthenis
792 1768 962 1835 decretum
990 1771 1163 1838 contendit

124 1877 173 1966 (p.
188 1875 266 1964 237)
278 1873 318 1962 *).
348 1900 350 1904 ⁴
366 1872 464 1957 Quod
486 1875 514 1942 si
529 1896 598 1942 non
621 1873 661 1938 ab
685 1871 742 1942 illo
756 1872 877 1942 factum
896 1891 953 1955 est,
975 1893 1105 1966 poterat
1122 1877 1163 1942 ab

73 2069 74 2072 ,
123 2057 435 2076 p-qn———us--n

104 2208 109 2217 .
167 2155 192 2234 ’)
213 2157 323 2235 Eadem
349 2179 391 2218 ex
420 2178 502 2218 cansa
537 2175 633 2218 narum
649 2162 743 2220 etiam
776 2163 920 2222 coniicere
947 2163 1040 2243 possis
1070 2163 1165 2241 ipsum

211 2244 292 2305 illum
321 2244 601 2328 Hecatomhaeonem
629 2246 774 2322 ultimum,
815 2249 868 2329 qui
904 2246 1021 2320 decreto
1053 2250 1165 2308 Demo·

213 2330 319 2391 athenis
339 2333 534 2416 praescriptus
557 2347 609 2408 est,
631 2332 654 2390 si
677 2330 824 2391 decretum
853 2333 909 2390 hoc
937 2333 973 2390 ad
994 2354 1096 2414 pacem
1116 2357 1165 2394 rc-

214 2418 290 2477 ferre
320 2418 399 2477 malis
426 2417 510 2478 brevi
535 2432 603 2498 post
633 2417 742 2476 cladem
765 2418 1010 2492 Chaeronensem,
1037 2420 1096 2478 hoe
1122 2435 1165 2478 est

118 2562 121 2567 .
213 2519 281 2586 post
303 2503 352 2563 Ol.
377 2504 444 2580 CX,
469 2507 486 2564 3
509 2495 744 2586 Metagitoionem
766 2505 823 2564 VII
851 2505 925 2563 inter
947 2505 1113 2586 Philippum
1136 2521 1166 2565 et

215 2592 404 2651 Athenienses
426 2592 619 2672 compositam.
665 2591 758 2668 Quam
789 2593 954 2673 opinionem
983 2613 1047 2675 curn
1077 2593 1166 2652 rebus

120 2733 123 2738 .
216 2693 294 2737 certe
324 2679 374 2737 illo
403 2692 533 2758 tempore
562 2678 647 2757 gestis
675 2677 752 2737 haud
778 2680 875 2760 inepte
904 2679 1047 2738 conciliari
1068 2701 1164 2761 posse,

142 2835 146 2843 Ι
216 2765 271 2823 iam
303 2786 390 2846 supra
418 2762 496 2844 (cap.
529 2764 580 2841 V.)
603 2766 770 2826 monuimus.
815 2766 930 2826 Scilicet
956 2764 991 2825 ah
1014 2765 1061 2824 illa
1082 2768 1167 2827 etiam
1233 2771 1236 2775 ’

216 2873 288 2933 pace
309 2874 367 2914 non
390 2851 501 2910 alienus
520 2865 579 2910 erat
592 2853 808 2912 Demosthenes
853 2853 923 2911 Eius
946 2854 1021 2912 enim
1042 2855 1167 2953 primum

216 2938 378 2998 Dinarchus
404 2940 446 3013 (in
467 2939 615 2998 Demosth.
639 2961 669 3019 p
693 2935 749 3038 56)
772 2939 920 2997 decretum
942 2939 1040 3013 affert,
1073 2941 1166 2997 conti-

217 3045 275 3083 nuo
298 3038 365 3104 post
387 3021 494 3084 cladem
517 3024 613 3100 latum,
635 3044 697 3105 quo
722 3026 796 3084 cives
819 3021 867 3083 ἐπὶ
889 3017 928 3082 τὰ
950 3017 1103 3104 i'oyrtconl
1103 3047 1166 3084 erre

216 3131 247 3169 se
269 3111 338 3169 iussi
359 3111 429 3186 sint,
457 3110 539 3169 simul
573 3125 666 3168 autem
696 3124 829 3192 rogatum
851 3111 901 3185 sit,
929 3124 961 3170 ut
982 3111 1068 3191 legati
1089 3114 1168 3192 pacis
1205 3109 1211 3122 '

208 3217 300 3257 ,causa
322 3195 490 3278 Philippum
511 3195 629 3255 adirent
676 3197 754 3271 Quin
782 3197 938 3256 Aeschines
966 3191 1010 3278 (in
1033 3197 1113 3258 Ctes.
1135 3221 1165 3279 p.

218 3289 258 3362 76
282 3281 369 3360 med)
390 3283 611 3344 Demosthenem
635 3297 695 3344 tum
724 3283 862 3364 temporis
888 3304 1003 3386 rogasse
1025 3285 1170 3366 populum

217 3387 332 3447 narrat,
363 3391 394 3429 se
427 3385 459 3428 ut
487 3371 564 3451 pacis
593 3367 742 3428 custodem
767 3362 1020 3452 (εἰρηνοφύλακα)
1048 3386 1166 3432 crearet.

215 3457 340 3516 Maxime
368 3471 463 3519 autem
489 3455 526 3514 ad
554 3455 772 3515 confirmandam
802 3457 872 3515 hanc
900 3456 936 3515 de
964 3456 1081 3523 decreto
1110 3459 1167 3517 hoc

216 3545 383 3624 opinionem
404 3542 436 3606 id
458 3543 556 3617 valeat,
579 3541 662 3622 quod
683 3544 838 3606 Aeschines
861 3558 927 3624 post
949 3542 1059 3605 cladem
1072 3545 1179 3611 Chaev„

217 3623 370 3689 nonensem
395 3629 566 3710 legationem
592 3628 629 3687 ad
656 3629 823 3713 Philippum
858 3631 937 3711 pacis
975 3629 1166 3691 conciliandae

217 3737 299 3780 causa
329 3738 363 3775 re
396 3736 463 3777 vera
492 3715 573 3774 obiit.
611 3714 781 3794 xPraeterea
813 3718 841 3774 in
876 3716 1068 3781 confirmanda
1103 3719 1167 3777 iure

216 3800 337 3862 iurando
367 3823 452 3882 pace,
486 3824 572 3883 quarn
600 3816 713 3884 praeter
742 3805 981 3884 exspectationem
1010 3803 1167 3864 commodis

216 3886 429 3948 conditionibus
451 3887 604 3969 Philippus
627 3905 821 3968 concesserat,
844 3891 1016 3971 celeritatem
1037 3905 1168 3972 tempora

215 3992 275 4041 tum
298 3975 381 4035 etiarn
403 3972 523 4039 suadere
547 3977 660 4033 omnino
689 3974 836 4058 poterant,
868 3991 900 4035 ut
923 3975 1078 4045 decernere
1104 3977 1167 4037 De·

161 4088 164 4093 ·
216 4062 378 4126 mosthenes
400 4075 507 4143 posset,
523 4061 638 4145 'legatos
662 4064 793 4147 quinque
816 4064 907 4129 statim
930 4062 1084 4145 creandos,
1114 4065 1170 4164 eiJv
