2594 4672
442 174 495 189 .,
591 193 659 307 aa

91 409 200 491 citata,
221 428 308 500 quae
332 405 470 501 Olymp.
495 407 569 490 CX,
592 431 612 475 a
635 408 810 475 commissa
831 422 906 487 est,
925 422 996 474 tum
1018 400 1134 497 saltem

89 535 226 580 necesse
248 528 342 594 asset,
364 529 401 581 ut
421 513 457 579 in
480 509 626 581 eundem
653 514 790 579 annum
807 509 974 604 expeditio
996 531 1151 606 quoque*

11 642 16 654 ·
90 618 130 684 in
153 613 321 689 Salamina
341 634 494 709 suscepta
514 615 703 683 referretur.
749 615 916 683 ldaamen
939 639 1006 707 quo
1027 619 1133 708 possit

89 720 282 789 testimonio
305 720 511 802 confirmari,
534 718 618 787 alius
646 718 774 805 videat3
808 741 868 810 ego
896 718 984 784 nihil
1013 719 1132 791 habeo.

89 824 152 895 Ex,
170 840 284 899 nostra
310 824 413 916 igitur
440 825 603 892 sententia
631 848 736 916 quum
763 819 784 910 ἦ
819 823 867 890 ἐπὶ
900 829 958 890 τοῦ
986 830 1132 910 ποταμοῦ

86 927 175 1014 μάχη
197 951 310 1019 pugna
330 930 375 997 sit
404 926 447 996 ad
476 929 617 997 fluvium
644 925 810 996 Salamina
836 927 1132 1025 praeterfluentem

85 1055 147 1099 seu
169 1031 417 1100 interfluentem
438 1033 621 1115 commissa,
643 1030 687 1099 de
708 1030 877 1100 Salamine
899 1031 1132 1123 quaerendum

85 1152 197 1216 restat,
221 1137 281 1230 qui
301 1133 394 1204 locus
415 1136 581 1224 hacnvoce
601 1137 708 1229 possit
728 1132 880 1226 intelligi,
903 1159 989 1228 quae
1010 1137 1054 1205 sit
1074 1159 1132 1204 ex-

85 1237 216 1333 peditio
244 1240 282 1306 in
304 1263 382 1307 eum
401 1242 512 1339 missa.
557 1241 675 1333 Itaque
696 1241 847 1332 primum
868 1240 905 1306 in
931 1240 1131 1331 opinionem
1214 1329 1216 1333 Ι

84 1344 178 1412 venit
206 1341 346 1411 Salamis
364 1344 498 1425 insula,
537 1339 632 1410 clade
667 1345 844 1411 Persarum
871 1340 1022 1411 celebris.
1072 1341 1131 1411 Ad

31 1440 33 1442 ’
85 1471 191 1542 quam
212 1444 353 1532 etiama‘
377 1449 426 1514 aa
447 1452 504 1517 τοῦ
526 1451 671 1530 ποταμοῦ
689 1446 776 1533 μάχη
799 1444 925 1540 optime
940 1447 1059 1514 referri
1080 1449 1130 1516 ri-

85 1551 312 1642 deturpasse.
357 1547 500 1618 Fluebat
526 1552 620 1618 enirn
637 1565 707 1642 ‘per
733 1549 876 1617 insulam
895 1544 989 1618 hanc
1009 1551 1128 1631 fluvius
1179 1579 1184 1586 ’

86 1657 247 1738 Bararus,
276 1654 334 1722 cui
353 1655 574 1744 interioribus
601 1652 807 1747 temporibus
828 1651 982 1722 Bocaliae
1002 1678 1129 1725 nomen

82 1759 165 1846 suit,
188 1776 326 1853 eratque
341 1756 470 1826 ibidem
483 1755 654 1826 castellum
671 1755 929 1825 Atheniensium
943 1759 1045 1826 situm
1059 1760 1129 1827 Bu-

25 1895 29 1899 ·
83 1863 201 1946 daron,
217 1864 280 1933 siri
288 1859 473 1929 Bndorion.
497 1861 606 1930 Strah.
620 1861 682 1944 IX,
694 1884 723 1930 c.
737 1883 765 1943 t,
777 1885 812 1954 p.
826 1860 900 1950 394.
921 1859 970 1929 At
987 1864 1128 1957 quinam

81 1968 186 2037 hostis
194 1966 386 2060 Philippica
396 1982 501 2035 aetate
512 1983 578 2035 tam
589 1988 698 2059 prope
708 1963 856 2032 Athenas
865 1987 960 2034 ausus
973 1985 1022 2035 est
1032 1992 1127 2037 aece-

82 2070 186 2140 derel
200 2072 278 2140 Duo
292 2070 393 2139 modo
405 2087 494 2160 sunt,
510 2094 595 2162 quae
608 2067 826 2139 coniectando
839 2068 943 2163 magis
957 2093 1060 2162 qnam
1072 2096 1126 2138 ar-

48 2220 54 2225 ·
82 2172 307 2268 gumentando
319 2176 419 2243 statui
426 2175 567 2269 possint.
590 2174 1031 2243 Demosthenes-animiam.
1044 2175 1126 2272 Phi-

82 2277 200 2370 lippl,
217 2301 253 2368 p.
266 2279 309 2368 39
324 2279 443 2347 factam
455 2277 571 2372 paullo
590 2296 686 2347 autea
702 2277 854 2370 Philippi
873 2279 911 2345 in
925 2279 1125 2352 Marathona
1215 2267 1218 2275 ¹

10 2464 18 2483 ὁ
82 2381 337 2472 impressionem
346 2401 516 2466 memorat,
538 2400 572 2453 et
593 2382 759 2476 direptam
775 2378 854 2448 inde
869 2381 911 2449 ab
934 2374 980 2448 eo'
996 2407 1125 2453 sacram

80 2485 264 2555 triremem.
315 2486 407 2554 Num
432 2487 534 2578 igitur
561 2486 678 2555 eadem
710 2487 884 2554 occasione
912 2484 1123 2579 Philippum,

71 2582 139 2656 'seu
160 2584 384 2687 mercenarios
406 2592 477 2658 eius
499 2615 538 2661 eo
561 2590 718 2659 audaciae
734 2591 932 2685 processisse
951 2592 1123 2674 coniicias,

75 2712 116 2761 ut
138 2695 239 2762 edam
253 2693 728 2791 Salaminaimpugnarerintl
751 2695 953 2790 Opportune
964 2693 1031 2763 hoc
1045 2698 1124 2788 qui-
1191 2774 1195 2783 ,
1267 2688 1278 2699 ’

75 2797 157 2866 dem
177 2823 241 2890 pro
262 2801 427 2868 sententia
448 2819 561 2870 nostra
581 2803 619 2869 in
634 2799 771 2894 Olymp.
787 2801 877 2883 CVI,
899 2799 922 2887 4
942 2818 1000 2867 aut
1013 2801 1121 2885 CVII,

42 2990 46 2996 ‚
79 2927 91 2973 t
120 2901 302 2988 incideret3
331 2904 520 2997 eademque
546 2923 635 2974 certe
662 2908 853 2975 coniectura
880 2906 973 2972 nisus
994 2904 1122 2974 Bredo·

72 3008 158 3079 wius
180 3009 233 3097 (in
247 3006 423 3077 Enchirid.
441 3009 558 3079 histor.
581 3011 686 3102 antiq.
709 3007 753 3075 ad
775 3007 912 3100 Olymp.
936 3007 1061 3090 CVIII,
1086 3010 1120 3100 r)
1167 3004 1169 3009 ’

73 3112 139 3181 ait:
162 3108 296 3185 lriihner
316 3111 484 3180 hiedmuh
510 3106 609 3206 greift
630 3112 769 3206 Philipp
803 3109 860 3178 die
880 3110 1033 3178 Athenai·
1060 3104 1121 3182 z'ur

74 3215 141 3285 See
163 3240 217 3299 an,
238 3214 311 3284 und
332 3215 462 3312 schlagt
478 3220 531 3286 sie
556 3218 612 3285 bei
633 3215 784 3284 Salamis.
829 3214 899 3283 Sed
919 3215 1120 3285 Demosthe-

71 3324 145 3405 nes‘,
168 3321 232 3414 qui
251 3323 451 3417 ceteroquin
480 3321 578 3390 nulla
598 3321 635 3390 in
656 3345 694 3389 re
715 3320 976 3389 Atheniensibus
997 3321 1118 3414 parcit,

71 3448 156 3508 nec,
183 3422 277 3518 quod
303 3447 420 3496 eorum
451 3424 652 3501 detrimento
685 3423 811 3496 factum
837 3424 896 3508 sit,
931 3423 1119 3520 quidquam

71 3528 247 3615 occultat,
264 3553 325 3599 cur
345 3528 420 3598 rem
446 3546 514 3598 tam
540 3528 793 3600 memorabilem
820 3551 956 3624 prorsus
985 3529 1117 3600 silentio

68 3632 350 3726 praetermiserit,
370 3635 445 3704 'vix
480 3651 593 3730 posset
629 3632 801 3728 explicari.
865 3626 907 3701 Id
948 3634 1054 3728 igitur
1087 3635 1118 3707 si
1172 3674 1176 3679 ⁴

69 3738 184 3804 minus
206 3730 382 3820 virisimile
396 3738 558 3822 videatur,
580 3763 664 3807 num
676 3736 855 3808 Thebanos
872 3738 1116 3823 Corinthiome,

66 3839 122 3909 vel
144 3843 248 3908 etiam
270 3842 494 3936 Megarenses,
516 3842 713 3911 infirmitate
736 3859 808 3910 tum
829 3844 990 3936 temporis
1011 3844 1116 3912 Athe·

66 3946 242 4013 niensium
268 3963 302 4015 et
326 3944 530 4040 negligentia
562 3970 639 4014 usos
672 3945 778 4015 audax
800 3946 964 4015 eiusmodi
985 3945 1115 4015 facinus

67 4069 279 4148 perpetrasse
307 4043 518 4119 crediderisl,
541 4049 634 4147 qnod
661 4075 739 4121 cum
761 4051 932 4120 Thebanis
960 4073 1000 4121 eo
1029 4057 1114 4121 tem·
