2594 4672
540 236 721 369 Ἀ

124 429 155 515 4,
178 427 273 521 quod
293 425 399 496 voluit
420 427 580 497 Corsiuus
608 428 662 519 (F.
683 428 725 495 A.
748 423 826 495 diss
845 428 947 517 (vill,
980 429 1043 520 18),
1067 429 1161 495 cuius

124 534 270 602 rationes
296 531 374 598 satis
403 531 570 602 refutavit¹
587 531 732 620 Boeclsh.
749 531 842 599 .l.1c.
859 544 899 624 p.
926 554 995 622 ¹¹7·
1040 533 1164 600 Melio-

123 660 198 703 rem
228 636 427 704 Corsiniana
452 636 617 704 rationem
644 651 775 702 secutus
805 636 931 702 Peticus
961 635 1061 728 (legg.
1093 637 1182 704 Att-

126 741 197 823 111,
212 740 257 825 4,
290 741 323 824 8)
353 763 481 806 annum
509 738 647 831 Olymp.
678 738 741 804 CX
768 736 951 806 secundum
978 741 1164 824 constituit3
1192 752 1198 763 ’
1251 755 1255 761 ’

125 845 264 936 eiusque
285 843 416 953 opinio
424 841 530 910 videri
543 839 736 936 probabilis
751 838 865 935 possit.
909 841 1040 910 Bellum
1062 845 1164 924 enim,

84 945 220 1044 ιἰῙιιοιΙ
251 949 342 1014 inter
359 925 515 1039 Byzantii
542 945 751 1032 obsidionem
767 945 910 1040 ..Olymp
929 947 1047 1016 „exa
1075 972 1092 1015 1
1113 949 1166 1012 in

125 1068 226 1118 eunte
255 1067 432 1132 exarserat,
461 1074 569 1142 usque
597 1048 640 1116 ad
669 1049 810 1143 Olymp'.
832 1050 912 1130 CX,
941 1075 961 1118 a
989 1051 1167 1120 Hecatom

124 1155 290 1224 baeonen't
316 1153 387 1218 sere
416 1153 609 1243 gerebatur,
641 1176 709 1246 quo
740 1178 856 1221 mense
883 1153 1061 1248 Philippus
1088 1161 1167 1223 cum

126 1255 388 1326 Atheniensibus
415 1257 611 1348 ceterisque
628 1257 766 1349 Graecis
780 1270 903 1350 'pactus
926 1276 984 1325 est.
1026 1258 1070 1326 V.
1093 1283 1166 1351 cap.

128 1384 179 1453 sq.
223 1359 381 1433 Attamen
406 1375 483 1451 post
510 1360 611 1426 breve
634 1363 793 1452 temporis
816 1364 971 1454 spatium
999 1387 1104 1456 quum
1125 1363 1167 1428 ab

126 1461 440 1556 Amphictyonibus
456 1461 612 1564 ariversus
644 1463 896 1557 Amphissenses
929 1482 1013 1532 esset
1033 1466 1168 1546 accitus,

130 1568 308 1637 Graeciam
328 1568 437 1660 ipsam
456 1566 564 1656 petiit,
587 1569 624 1634 in
646 1591 787 1661 eamque
808 1591 922 1635 mense
944 1571 1012 1635 iam
1023 1569 1170 1637 Boedro-

127 1675 242 1757 mione
260 1671 411 1768 *Olymp
443 1670 523 1752 CX,
557 1696 577 1739 a
608 1673 762 1758 traiicere
788 1670 1004 1755 moliebatur,
1039 1669 1170 1766 quippe

129 1801 197 1872 quo
219 1765 327 1845 socios
353 1774 617 1869 Peloponnesios
643 1794 785 1858 armatos
815 1799 932 1867 secum
956 1778 995 1844 in
1020 1775 1170 1847 Phocida

129 1882 308 1963 convenire
330 1881 474 1962 iusserit,
496 1876 534 1946 id
551 1878 644 1971 quod
656 1888 728 1972 cap.
741 1904 791 1978 sq.
814 1883 1058 1950 accuratissime
1073 1906 1171 1950 mon·

90 2008 94 2018 ’
128 1987 315 2056 strahimus.
361 1983 491 2052 Eodem
517 2007 633 2053 mense
662 2009 774 2079 quum.
800 1983 856 2053 lex
889 2010 1025 2080 quoque
1045 1988 1171 2055 Demo-

128 2091 254 2160 sthenis
276 2089 491 2156 trierarchica
518 2085 584 2169 lata
609 2090 683 2169 sit,
701 2091 841 2160 omnino
862 2090 1037 2185 probabile
1063 2089 1171 2159 videri

128 2195 250 2286 possit,
285 2191 345 2258 illa
377 2193 573 2284 praesertim
614 2191 768 2285 Philippi
798 2195 1034 2285 impressione,
1064 2220 1170 2288 quum

130 2294 359 2363 renovandum
382 2296 491 2362 statim
513 2293 639 2361 bellum
654 2313 747 2378 esset,
770 2297 1030 2365 Demosthenem
1052 2295 1095 2363 ad
1117 2322 1172 2366 01·-

126 2392 314 2468 ¹dinaudam
344 2398 570 2466 trierarchiam
600 2400 780 2465 excitatum
806 2424 892 2484 esse,
920 2403 1047 2495 quippe
1077 2404 1172 2468 cuius

130 2506 282 2598 priorem
307 2502 431 2569 malam
467 2501 695 2572 conditionem
731 2527 819 2574 anno
849 2511 1044 2598 praesertim
1073 2530 1172 2599 supe-

130 2609 215 2687 riori
260 2605 526 2700 eipeditio'nibus
554 2607 768 2699 Byzantium
805 2608 914 2701 missis
951 2612 1171 2702 cognovisset.

133 2710 287 2798 Quod
261 2737 290 2778 st
319 2709 435 2792 suerit,
456 2709 599 2793 bellum,
628 2736 694 2803 quo
723 2709 806 2805 legis
833 2737 910 2782 suae
935 2715 1173 2807 praestantiam

129 2816 305 2923 probatam
326 2840 396 2882 esse
414 2816 655 2884 Demosthenes
676 2814 836 2911 gloriatur
857 2818 905 2912 (p.
929 2820 1015 2919 alia),
1037 2818 1175 2888 nonnisi

131 2924 298 3032 posterior
351 2919 453 2988 suerit
501 2944 579 3014 pars
627 2918 709 2988 belli
754 2925 855 2990 inter
887 2910 1041 3014 Byzantii
1083 2923 1175 2990 obsi-

133 3003 290 3108 dionem,
307 3025 445 3118 Olymp.
461 3026 535 3108 CX,
562 3050 572 3094 ι
601 3027 749 3107 ineunte,
767 3018 935 3109 renovati3
957 3024 995 3091 id
1016 3025 1112 3116 quod
1133 3049 1172 3093 eo

131 3134 238 3223 magis
265 3129 445 3199 verisimile
474 3129 581 3197 videri
605 3130 725 3222 possit,
761 3129 854 3223 quod
881 3128 990 3221 legem
1011 3127 1099 3196 hanc
1121 3145 1174 3196 tu-

119 3234 212 3302 -lisse
240 3259 275 3302 se
304 3251 375 3300 tum
398 3232 497 3315 dicit,
527 3250 703 3325 postquam
733 3233 883 3304 restituta
910 3232 1173 3314 Euboeeusibus,

132 3340 301 3433 Byzantiis
322 3355 369 3405 -et
390 3337 631 3405 Chersonesitis
659 3335 765 3404 salute
789 3337 1012 3430 libertateque
1042 3339 1197 3431 egregie

134 3444 237 3511 dere
258 3441 396 3536 publica
418 3443 613 3508 meruisset:
636 3466 670 3534 p.
694 3442 768 3509 260.
801 3506 803 3513 ,

220 3547 378 3614 Attamen
401 3546 641 3613 Demosthenes
662 3543 767 3613 lana
786 3545 842 3612 τὸν
859 3543 1007 3633 πόλεμον,
1033 3549 1089 3625 ait,
1111 3554 1177 3616 zor
1288 3576 1294 3586 ¹

133 3649 318 3738 ἇποᾳτόλων
339 3651 524 3738 γιγνομένων
544 3649 633 3719 κατὰ,
646 3648 702 3716 τὸν
730 3647 827 3733 νόμον
847 3649 903 3715 τὸν
924 3650 1008 3734 ἐμόν,
1035 3652 1092 3735 οὐχ
1113 3652 1175 3715 ἱκε-

133 3757 248 3842 τηρίαν
277 3755 370 3838 ἔθηκε
397 3752 586 3844 τριήραρχος
613 3753 714 3831 οὐδεὶς
740 3782 768 3821 κ.
791 3777 820 3820 τ.
842 3761 871 3822 λ.
895 3754 942 3846 (p.
966 3755 1051 3837 aflet
1096 3752 1177 3819 Plu-

135 3861 203 3925 ries
226 3860 336 3949 igitur
371 3855 487 3924 classes
522 3882 561 3924 ex
594 3882 678 3925 nova
710 3857 922 3924 trierarchiae
953 3860 1082 3922 ratione
1114 3880 1177 3946 per

136 3962 266 4029 bellum
289 3959 375 4031 illud
397 3964 534 4028 emissae
555 3981 642 4030 sunt
688 3962 805 4028 Nolim
832 3963 922 4026 enim
952 3962 986 4024 in
1011 3967 1073 4025 τῶν
1095 3961 1181 4024 tirso·¹
1212 4004 1216 4019 .

141 4066 261 4132 στόλων
289 4083 322 4130 et
350 4063 451 4131 πάντα
479 4064 535 4132 τὸν
562 4065 696 4152 πόλεμον
725 4060 851 4135 meram
879 4062 1084 4165 hyperbplcu
1113 4081 1178 4131 sta-
