2594 4672
654 257 717 324 301⁴

607 347 765 361 m
815 350 822 366 μ

168 447 246 501 cum
275 427 406 490 armatis
441 448 499 492 suo
530 443 667 517 sumptu
696 426 894 516 octingentis
928 422 996 491 illis
1031 428 1209 495 iuvenibus

168 525 261 619 quod
288 532 422 620 accepta
455 527 498 594 ad
527 529 666 594 fluvium
695 528 789 595 clade
812 529 936 597 civitati
958 553 997 594 ex
1023 531 1208 622 improviso

115 651 118 654 ’
167 631 357 700 immineret
377 632 568 723 periculum
589 631 763 700 retudisse.
854 703 876 709 ..

253 951 328 1031 agris
350 947 487 1030 capienda
508 946 562 1029 (de
584 970 644 1010 cor.
666 970 697 1031 p.
720 946 797 1032 238)
830 951 917 1010 latum
948 965 991 1008 est
1012 951 1040 1010 in
1065 955 1206 1014 concione

255 1059 271 1094 a
300 1036 481 1116 praetoribus
510 1052 538 1095 et
564 1036 734 1118 prytanibus
761 1052 916 1096 convocata
936 1037 1059 1116 ’βουλῆς
1086 1033 1204 1123 γνώμην

253 1123 326 1182 Nam
347 1124 376 1180 in
397 1124 453 1181 hoc
483 1117 653 1202 συγκλήτου
686 1120 845 1202 ἐκκλησίας
865 1114 926 1182 ὕπὸ
950 1127 1135 1204 στρατηγῶν
1156 1124 1206 1186 καὶ
1267 1180 1271 1195 ,.

252 1201 431 1289 πρυτάνεων
450 1209 566 1288 βουλῆς
586 1204 693 1292 γνώμη
722 1211 837 1269 omniuo
866 1210 1066 1291 reponendum
1090 1211 1205 1273 videtur
1266 1212 1271 1223 '

252 1317 308 1376 pro
337 1295 447 1376 vulgari
477 1315 505 1357 σ.
528 1294 551 1356 ἕ.
579 1289 643 1356 ὑπὸ
673 1297 855 1377 στρατηγῶν
879 1291 1204 1377 anteposuerunt
1266 1294 1270 1301 ’

252 1382 368 1460 βουλῆς
388 1376 505 1465 γνώμη,
529 1382 560 1442 id
582 1382 664 1465 quod
685 1405 804 1465 prorsus
830 1382 970 1442 absonum
992 1399 1044 1460 est,
1066 1386 1136 1468 quia
1159 1409 1204 1447 sc-

253 1483 334 1528 natus
356 1467 586 1529 dissentientibus
615 1470 791 1551 prytanibus-
817 1469 974 1530 decernere
1003 1472 1072 1529 nihil
1095 1488 1202 1553 potest,

252 1557 351 1637 itaque
372 1557 488 1636 βουλῆς
507 1551 614 1638 γνώμη
635 1557 834 1638 complectitur
855 1561 938 1616 etiam
966 1551 1092 1637 γνώμην
1122 1579 1203 1640 πρυι

253 1636 378 1703 τάνεων.
422 1646 461 1703 Et
488 1659 597 1703 morem
626 1643 713 1703 fuisse
739 1644 873 1720 Athenis,
894 1658 935 1702 ‘ut
958 1659 1107 1726 praetores
1136 1668 1219 1705 cum-

252 1730 421 1811 prytanibus
448 1730 696 1790 extraordinariam
723 1731 890 1789 concionem
910 1747 1116 1806 convocarent,
1147 1732 1202 1792 do-

254 1831 299 1875 cet
313 1815 499 1896 Thucydides
514 1816 566 1892 IV,
593 1821 667 1876 118:
690 1812 848 1895 ἐκκλησίαν
861 1812 896 1875 δὲ
916 1809 1107 1895 ποιήσαντας
1128 1814 1202 1890 τοὺς

254 1895 447 1982 στρατηγοὺς
466 1900 516 1962 καὶ
538 1921 612 1972 τους
632 1895 811 1982 πρυτάνεις,
835 1904 918 1962 sicuti
940 1923 975 1961 ex
997 1901 1116 1963 decreto
1138 1908 1201 1965 Eu·

252 1988 315 2047 buli
336 1986 390 2067 (de
412 2010 472 2048 cor.
500 2012 530 2070 p.
555 1988 628 2064 249)
649 1989 831 2069 praetoribus
860 1989 944 2047 simul
972 2004 1001 2047 et
1031 1991 1198 2071 prytanibus
1245 2040 1248 2047 .

251 2076 328 2134 iussu
351 2076 455 2154 populi
476 2073 692 2157 congregandus
722 2091 781 2134 erat
811 2090 931 2134 senatus.
982 2076 1082 2158 Itaque
1108 2075 1195 2134 Calli·

252 2161 358 2219 sthenis
387 2159 496 2221 decreti
527 2164 599 2221 ratio
625 2161 772 2221 manifesto
800 2163 869 2220 haec
897 2177 956 2221 est:
990 2177 1134 2243 praetores
1166 2179 1194 2220 et

208 2254 210 2259 '
251 2261 386 2349 prytanes
417 2249 583 2308 concionem
605 2263 811 2309 convocarunt:
841 2242 1012 2328 συγκλήτου
1039 2245 1197 2328 ἐκκλησίας

249 2327 310 2394 ond
334 2336 515 2416 στρατηγῶν
536 2332 586 2396 καί
606 2327 800 2417 πρυτάνεων·
831 2336 913 2417 quod
940 2335 1058 2394 additur
1083 2337 1198 2413 βουλῆς

251 2413 358 2503 γνώμη
395 2437 442 2480 aut
470 2424 525 2482 hoc
552 2424 640 2482 valet:
673 2423 866 2483 consentiente
896 2436 925 2481 et
953 2421 1073 2482 iubente
1101 2439 1199 2482 senatu

171 2536 173 2541 ’
252 2509 417 2567 concionem
445 2525 649 2585 convocarunt,
678 2510 707 2567 in
741 2529 798 2590 qua
828 2507 961 2567 excubias
996 2507 1142 2568 habendas
1171 2525 1198 2568 et

251 2595 347 2675 fugam
370 2616 405 2654 ex
426 2598 500 2676 agris
520 2596 686 2676 capiendam
708 2594 834 2654 decrevit
846 2594 1041 2673 Callisthenes,
1063 2594 1096 2655 id
1117 2595 1198 2678 quod

251 2681 365 2761 placere
387 2682 486 2760 possit,
509 2683 577 2763 quia
597 2697 664 2762 post
691 2681 807 2759 βουλῆς
832 2674 938 2763 γνώμη
965 2683 1098 2764 sequitur
1119 2691 1218 2741 mens

252 2767 289 2824 sis
318 2780 348 2824 et
378 2765 454 2842 dies,
487 2782 516 2826 et
544 2783 605 2826 tum
637 2768 751 2828 demum
779 2762 997 2847 Καλλισθένης
1025 2762 1197 2829 Ἐτεονίκου

254 2851 335 2912 out.
358 2843 448 2914 εἶπεν.
493 2852 552 2912 Sed
575 2877 666 2936 quum
696 2876 728 2914 ea
758 2853 794 2913 de
822 2877 854 2913 re
887 2869 981 2914 actum
1008 2870 1097 2915 certe
1119 2871 1197 2931 antea

251 2941 287 3000 sit
308 2941 338 2999 in
360 2955 471 3015 senatu,
491 2940 607 3019 βουλῆς
627 2935 733 3023 γνώμη
761 2941 937 3001 verisimilius
958 2942 1014 3000 hoc
1035 2943 1132 3002 valere
1153 2941 1197 3000 di·

249 3028 339 3087 xei‘is:
372 3026 571 3086 Callisthenem
602 3029 632 3086 in
664 3030 800 3089 concione
823 3049 839 3086 a
859 3027 1042 3109 praetoribus
1070 3029 1197 3111 prytani-

248 3113 380 3197 husque-
399 3128 551 3174 convocata
577 3113 664 3175 verba
682 3113 793 3174 'fecisse
821 3113 871 3174 de=
885 3135 918 3174 re
945 3116 974 3173 in
1007 3130 1107 3175 senatu
1129 3131 1196 3192 acta,

250 3201 423 3283 populoque
444 3217 558 3260 senatus
579 3202 744 3262 sententiam
766 3202 925 3283 aperuisse,
952 3203 1052 3283 itaque
1073 3203 1196 3262 auctori·

200 3318 208 3329 t
250 3301 306 3346 tate
337 3302 366 3346 et
395 3289 540 3347 voluntate
561 3302 688 3366 senatus,
721 3289 768 3347 cui
797 3303 890 3346 tamen
917 3289 980 3368 ipse
1001 3286 1081 3348 haud
1108 3287 1195 3347 dubie

147 3381 150 3389 '
250 3375 404 3433 sententiae
432 3373 566 3434 ferendae
596 3390 696 3435 auctor
727 3374 874 3434 exstiterit.
924 3374 1007 3450 Quae
1037 3396 1131 3456 quum
1159 3375 1195 3433 ita

250 3461 320 3536 sint,
345 3460 463 3540 βουλῆς
488 3453 594 3543 γνώμη
612 3460 773 3543 praescribi
793 3475 872 3543 patet
893 3482 950 3520 non
974 3459 1095 3543 quidem
1117 3481 1195 3520 sena·

250 3561 296 3606 tus
318 3546 453 3606 consultis
474 3548 522 3623 iis,
552 3569 627 3630 quae
656 3562 715 3608 rata
745 3569 807 3608 esse
835 3561 958 3629 possunt
979 3547 1065 3607 etiam
1086 3546 1195 3630 absque

249 3633 353 3715 populi
375 3635 555 3709 auctoritate,
577 3649 606 3693 et
629 3656 645 3694 a
665 3635 860 3717 populiscitu,
882 3635 911 3691 in
934 3632 1043 3715 quibus
1065 3634 1195 3693 solemnis

248 3720 370 3781 formula
391 3736 449 3779 est:
478 3713 628 3797 δεδόχθαι
647 3722 687 3804 τῇ
707 3721 806 3803 βουλῇ
831 3717 882 3780 καὶ
903 3721 949 3804 τῷ
970 3712 1071 3803 δήμῳ,
1096 3719 1196 3780 distin·

213 3848 217 3857 .
241 3821 376 3888 ¹guuntur
402 3806 537 3866 formula:
568 3802 718 3885 δεδόχθαι
750 3822 806 3866 aut·
828 3801 913 3880 ἴδοξε
939 3806 978 3888 τῇ
998 3806 1119 3890 βουλῇς
1148 3803 1197 3866 sed

248 3895 289 3954 eis
311 3894 409 3976 potius
429 3893 532 3970 rebus,
560 3916 636 3975 quae
664 3910 724 3954 acta
753 3895 782 3952 in
804 3908 911 3954 senatu·
924 3906 1006 3970 sunt,
1033 3892 1142 3952 deinde
1163 3890 1197 3951 ad

249 3980 391 4063 populum
412 3978 577 4058 referenda,
605 3994 639 4040 ut
659 3982 689 4040 in
709 3980 924 4062 Aristophontis
944 3979 995 4041 illo
1016 3979 1130 4058 libello,
1152 3995 1198 4039 aut

245 4065 442 4152 populiscitis,
471 4087 547 4152 quae
575 4087 633 4128 non
659 4088 677 4128 a
705 4069 816 4151 privato
839 4067 978 4152 quopiam
998 4082 1104 4152 rogata
1126 4080 1200 4144 sunt,
