2594 4672
573 281 744 385 ...tta

142 452 357 519 ¹Ambraciam
379 448 623 543 aggrederetur.
667 447 887 540 Etpoterant
908 449 974 513 iam
996 464 1067 514 tum
1080 446 1185 528 Athe-

146 559 287 637 nienses,
311 552 450 646 Olymp.
475 551 574 634 CIX,
606 576 640 634 a,
662 551 815 646 Philippi
843 553 880 619 in
901 549 1115 631 Thessaliam¹
1129 576 1184 617 ex·
1281 642 1284 646 ¹

145 658 332 753 peditionc,
363 656 511 747 eiusdem
540 659 578 722 in
611 655 751 723 Euboea·
781 654 1029 734 moliminibus,
1059 671 1185 722 tentata
1246 676 1248 680 ·

109 848 112 852 A
148 763 363 852 Megsrorum
392 763 628 853 occupatione,
657 761 891 827 recentissimis
917 757 1073 826 adversus
1103 763 1186 825 Ama

145 865 294 932 bracium
324 882 357 933 ct
377 865 566 932 Leucadem
599 863 750 934 consiliis
779 864 1043 955 imminenteque
1064 864 1101 928 iu
1122 865 1186 929 Pe-

146 970 370 1062 loponnesum
381 970 601 1062 impressione
622 970 875 1037 inexsuscitatt
888 990 967 1048 esse,
989 983 1028 1034 ut
1049 963 1091 1032 de
1104 990 1186 1036 con-

145 1072 300 1141 vocandis
331 1073 484 1140 omnihus
507 1072 644 1139 Graecis
674 1072 719 1140 sd
737 1070 855 1141 loedus
877 1069 1032 1143 adversus
1054 1069 1186 1164 Philip-

120 1182 122 1186 ”
144 1203 228 1271 pum
249 1177 443 1267 cogitarent.
462 1211 507 1225 -
528 1173 597 1242 Sed
624 1194 766 1269 possunt
793 1167 910 1243 eadem
930 1174 1187 1258 Atheniensium

136 1279 285 1349 consilia
307 1277 408 1345 simul
430 1301 507 1345 cum
527 1278 809 1372 Peloponnesiaco
828 1276 899 1360 illa,
922 1300 1025 1371 quam
1045 1280 1193 1349 Aeschiw

146 1411 205 1452 nes
228 1384 340 1465 affert,
352 1383 596 1475 Acarnaniaque
611 1382 845 1451 Demosthenis
860 1382 1024 1474 legatione
1047 1401 1080 1452 et
1094 1408 1186 1452 com-
1274 1408 1276 1415 ¹

145 1486 278 1556 modius
299 1485 435 1554 fortasse
450 1483 505 1552 ad
536 1484 673 1580 Olymp.
697 1487 794 1569 CIX,
822 1489 842 1557 3
869 1484 1044 1555 referenda
1064 1486 1185 1571 videri,

147 1618 214 1684 quo
236 1610 400 1685 tempore,
422 1589 581 1684 Philippo
611 1590 811 1659 Chersonesi
833 1587 1110 1684 Hellespontique
1131 1617 1186 1659 re-

146 1697 305 1789 gionibus
327 1696 543 1776 imminente,
579 1694 799 1763 Athenienses
836 1693 918 1765 adeo
948 1712 982 1762 et
1001 1699 1186 1790 ‘perterriti

147 1818 240 1868 erunt
261 1817 303 1868 ct¹
316 1799 511 1882 exacerbati,
525 1816 572 1866 ut
594 1798 641 1867 de·
657 1798 844 1893 nimpenda
857 1800 993 1869 iamiam
1006 1824 1090 1893 pace
1104 1825 1186 1870 con-

146 1903 389 1998 gregandisque
428 1921 594 1996 quotquot
627 1920 766 1998 possent
802 1903 962 1972 Graeciae
998 1906 1186 1975 civitatibus

144 2010 395 2078 meditarentur.
439 2009 490 2074 Ea
518 2011 767 2103 opportunitate
793 2008 1033 2077 Demosthenes
1064 2013 1186 2079 oratio-

144 2140 224 2181 nem
254 2112 296 2179 de
319 2112 481 2205 Cherson.
512 2130 545 2179 et
575 2113 646 2182 adr.
669 2113 819 2206 Philipp.
850 2114 899 2179 Ill
927 2117 1114 2206 peroravit,
1143 2118 1185 2184 iu

146 2219 267 2310 quihus
294 2214 514 2286 Athenienses
545 2219 715 2284 acerrimis
745 2218 904 2287 orationis
931 2217 1076 2286 stimulis
1103 2245 1185 2290 con-

146 2324 236 2403 citat,
258 2337 296 2386 ut
317 2318 463 2385 studium
484 2321 551 2385 iam
572 2337 741 2411 praestent
761 2324 1028 2403 etcoustantium,
1051 2327 1183 2415 quasvis

147 2425 307 2493 Graeciae
324 2424 471 2491 civitates
479 2446 541 2515 per
552 2420 676 2515 legatos
689 2423 820 2513 adeapt,
843 2422 884 2489 ad
900 2421 1015 2491 foedus
1038 2443 1076 2494 et.
1093 2453 1185 2497 arma
1280 2506 1283 2513 ,

143 2545 344 2624 provocent,
376 2529 502 2621 quippe
530 2550 615 2621 pace
641 2550 661 2594 a
682 2516 843 2621 Philippo
874 2526 1092 2597 iamdudum
1113 2534 1186 2601 vio-

143 2634 208 2701 lata
236 2650 269 2700 et
294 2647 401 2726 rupte.
446 2632 489 2699 V.
523 2655 571 2700 or.
601 2637 642 2700 de
664 2632 824 2701 Cherson.
855 2658 890 2724 p.
917 2655 987 2724 ¹⁰9·
1016 2632 1104 2702 Phil.
1133 2639 1185 2706 111

141 2765 176 2832 p.
205 2761 279 2830 129:
308 2736 382 2815 τοὺς
408 2735 521 2813 ἄλλους
540 2736 603 2823 ἤδη
630 2743 872 2827 παρακαλῶμεν,
903 2740 955 2805 καὶ
982 2736 1056 2816 τοὺς
1083 2729 1184 2811 ταῦτα

132 2844 327 2922 ’διδάξοντας
357 2841 559 2927 ἐκπέμπωμεν
579 2842 735 2930 πρέσβειςΙ
748 2852 917 2927 πανταχοῖ,
946 2845 990 2921 εἰς
1015 2845 1184 2914 Πελοπόν-

142 2974 252 3036 νησον,
277 2950 321 3025 εἷς
336 2943 462 3029 Ῥόδον,
486 2942 531 3024 ὥς
556 2947 797 3033 βασιλέαλέγω.
822 2954 829 2963 ’
854 2945 907 3013 Cf.
929 2972 964 3039 p.
991 2948 1061 3014 130.
1105 2949 1183 3019 Huc

133 3076 256 3120 *nonne
293 3051 419 3143 optime
454 3051 632 3144 convenire
659 3047 818 3118 videntur
852 3051 969 3118 omnis.
1002 3073 1056 3133 ea,
1093 3077 1183 3147 qino
1292 3106 1294 3110 .

122 3157 327 3224 Aeschines
364 3152 505 3222 Calliam
539 3170 639 3246 atque
665 3145 926 3228 Demosthenem
954 3153 1096 3223 Athenis
1137 3158 1182 3226 de

143 3261 348 3327 Graecarum
368 3260 554 3327 ciuitatium
576 3258 696 3326 animis
719 3255 763 3323 ad
783 3256 872 3324 hella'
893 3259 1106 3351 paratissimis
1127 3285 1183 3328 re-

116 3366 316 3431 nunciasse
337 3363 440 3431 refert
461 3364 498 3443 in
522 3362 608 3429 Ctes.
629 3372 664 3454 p.
687 3361 748 3454 67,
779 3363 918 3455 istisque
946 3363 1182 3451 Demosthenis

142 3467 425 3536 cohortationibus
459 3490 573 3536 nonne
606 3466 720 3535 effecte
749 3469 859 3560 potuit
895 3491 963 3535 esse
991 3466 1113 3564 legatio
1140 3474 1183 3560 in

140 3573 412 3666 Peloponnesum
447 3589 481 3637 et
509 3571 731 3639 Acarnaniam
759 3595 815 3652 ea,
846 3570 889 3637 de
916 3597 983 3666 qua
1010 3599 1182 3645 reversum
1228 3572 1230 3578 ’

130 3677 402 3749 'Demosthenem
431 3674 547 3743 foedus
580 3700 658 3745 cum
686 3676 931 3745 Eretriensihus
962 3678 1182 3772 Oritunisque

134 3783 302 3851 'continuo
338 3778 521 3848 decrevisse
550 3780 732 3852 Aeschines
766 3781 920 3860 narrati¹
951 3784 1063 3876 Atque
1091 3783 1181 3851 hanc

140 3887 340 3953 sententiam
375 3883 530 3981 adiurare
561 3887 660 3952 etiam
689 3884 847 3954 ridentur
868 3880 1029 3979 tempora
1056 3884 1181 3955 oratio·
1274 3919 1278 3928 =

133 4015 223 4056 num
250 3989 302 4055 de.
316 3988 479 4056 Cherson.
503 4008 537 4056 et
557 3987 704 4082 Philipp.
728 3990 789 4056 ΙΙΙ.
833 3990 961 4060 Retulit
982 3991 1180 4061 Demosthe-t
1256 3983 1259 3989 ¹

130 4119 198 4160 -nes
222 4093 505 4186 Peloponnesiaca
533 4092 593 4160 illa
622 4093 1058 4188 Acarnanaque'legatione
1076 4093 1202 4183 modo.
1288 4126 1292 4134 ·
