2594 4672
543 197 721 322 ..m

122 392 370 484 Peloponneso,
417 412 455 453 ae
499 409 613 479 nuper
650 399 789 452 eentum
831 382 1035 451 talentorum
1073 381 1211 474 redis¹

124 515 196 563 tum
218 511 333 582 contra
354 491 554 585 Philippum
574 510 781 582 comparasse
809 492 848 553 ab
870 485 1012 553 Achaeis
1035 502 1068 552 et
1091 488 1190 562 Me·—

125 592 316 687 garensibus
344 593 511 682 etiamque
542 591 583 655 ab
613 589 769 656 Euboicis
790 585 941 652 urbibus.
968 585 1069 651 ‘Eius
1092 610 1172 655 ora·

124 699 252 764 tionem
275 695 406 785 excepit
427 692 681 767 Demosthenes.
717 690 954 756 ·Renunciahat
975 692 1004 756 is
1025 687 1171 783 legatio-

123 824 204 867 nem
225 795 542 889 Peloponnesiacam
565 814 598 863 et
619 798 844 873 Acarnanam,
868 817 950 886 quas
972 795 1172 886 nuperrime

126 901 278 985 obiisset3
308 923 491 994 omnesque
517 898 776 992 Peloponnesios
808 898 918 964 aiebat
948 915 1079 991 paratos
1109 900 1172 966 ha·

125 1004 224 1086 bere,
255 1028 369 1072 omnes
397 1005 478 1070 item
499 1005 690 1071 Acarnanes
725 1029 744 1069 a
774 1025 809 1068 se
823 1019 950 1094 ¹contra
970 999 1173 1095 Philippum

128 1125 270 1175 armatos
294 1132 372 1174 esse.
418 1102 593 1175 Summam
620 1124 731 1173 autem
752 1107 916 1199 pecuniae
939 1129 1011 1173 csse
1032 1124 1173 1190 tantam,
1201 1096 1204 1101 ⁶

128 1211 219 1278 unde
241 1235 339 1278 naves
363 1208 534 1302 expeditae
555 1229 692 1280 centum
714 1207 876 1301 compleri
889 1227 1034 1301 possent,
1057 1229 1091 1277 et
1115 1209 1176 1278 de-

99 1301 102 1325 *
130 1341 204 1382 cem
224 1314 333 1382 millia
356 1313 509 1406 peditum
532 1315 698 1382 conscribi
714 1330 759 1381 .et
780 1315 909 1406 equites
930 1312 1041 1397 mille3
1072 1307 1176 1407 prae-

129 1439 219 1487 terea
242 1421 384 1486 urbanas
408 1403 521 1511 copias
542 1436 682 1500 restare,
712 1443 730 1486 e
760 1415 992 1508 Peloponneso
1026 1419 1176 1515 amplius

128 1524 181 1590 bis
203 1522 295 1589 mille
318 1541 469 1603 armatos,
493 1548 533 1590 ex
545 1523 732 1590 Acarnania
755 1520 894 1589 totidem
914 1521 1005 1588 alios.
1051 1522 1107 1588 Ab
1121 1522 1176 1591 his

131 1645 242 1693 atttem
283 1627 437 1694 omnibus
477 1615 715 1721 principatum
747 1626 1008 1694 Atheniensibus
1041 1625 1176 1696 datum.

130 1734 243 1823 Atque
264 1730 346 1797 haec
369 1731 558 1798 confectum
579 1733 623 1797 iri
645 1753 715 1796 non
737 1730 898 1799 diuturno
916 1731 1076 1821 temporis
1098 1757 1177 1825 spa·

132 1837 196 1918 tio,
228 1835 285 1901 sed
319 1833 451 1900 decimo
479 1831 572 1900 se'uto¹
596 1832 874 1900 Anthesterionis.
925 1834 1178 1906 Dennnciatum

133 1942 226 2006 enim
253 1965 272 2003 a
298 1963 332 2004 se
361 1938 501 2003 urbibus
529 1960 614 2018 csse,
649 1955 687 2009 ut
716 1936 759 2002 ad
795 1935 1024 2029 plenilunium
1057 1962 1177 2008 omnes

44 2089 46 2095 ι
132 2042 281 2109 Athenas
306 2042 533 2108 convenirent.
578 2041 638 2106 His
666 2041 869 2107 renunciatis
892 2040 1027 2110 decerni
1048 2034 1173 2132 legatos

43 2154 45 2159 ’
133 2147 229 2213 iussit
252 2145 511 2228 Demosthenes,
542 2147 602 2238 qui
627 2147 791 2212 Eretriam
812 2147 902 2213 irent
923 2164 956 2213 et
979 2148 1115 2229 Oreum,
1140 2164 1176 2215 et

134 2248 253 2317 foedus
270 2249 425 2316 'facerent
446 2249 598 2317 adversus
621 2248 818 2343 Philippum
839 2240 916 2324 eum
933 2253 1178 2320 Eretriensium

134 2354 364 2443 moliturum
384 2353 512 2448 populo
540 2379 577 2420 ea
599 2353 814 2436 conditione,
837 2373 876 2422 ut
889 2380 1006 2447 neque
1028 2357 1177 2425 Athenas

100 2499 101 2502 =
134 2456 177 2525 ad
208 2457 390 2526 concilium
426 2460 624 2541 convenire,
662 2483 725 2524 nee
761 2458 1019 2526 Atheniensibus
1053 2463 1179 2530 nihuta

134 2560 278 2646 solvere,
309 2560 402 2654 quod
428 2561 559 2630 fecisset
586 2547 701 2643 antea,
720 2565 770 2629 ¹iu
788 2581 968 2656 posterum
995 2568 1178 2649 teneretur,

133 2666 194 2733 sed
222 2663 382 2733 Chalcide
401 2688 588 2765 'commune
622 2667 853 2734 Euboicarum
880 2670 1064 2737 civitatium
1095 2671 1181 2738 con-¹

135 2768 252 2837 cilium
274 2768 371 2835 fieret
392 2768 490 2860 eique
514 2767 636 2837 Callias
661 2790 835 2863 praeesset.
890 2772 1045 2852 Foedere,
1068 2792 1181 2842 autem

133 2871 220 2942 facto
249 2871 380 2941 bellum
402 2873 560 2941 continuo
584 2873 739 2943 adversus
766 2874 962 2971 Philippum
984 2879 1020 2956 in
1043 2879 1181 2945 Euboea

135 2993 266 3071 gestum
303 3000 374 3044 esse
411 2976 533 3046 docent
564 2978 699 3072 reliqua
732 2980 908 3047 Aeschinis
935 2986 1043 3050 verba.
1096 2982 1182 3048 Ori-

134 3099 184 3149 tas
207 3085 302 3152 enim
322 3080 413 3151 bello
437 3081 603 3152 confectos
631 3107 675 3150 ne
698 3083 862 3151 talentum
893 3083 1030 3177 quidem
1052 3087 1181 3169 solvere

134 3187 357 3254 Demostheni
386 3188 531 3279 potuisse
558 3186 800 3280 refertpquod
824 3187 959 3256 foedere
981 3191 1042 3257 isto
1065 3193 1181 3258 conei-

136 3288 254 3362 lieudo
277 3291 461 3359 meruisset.
518 3335 519 3340 κ

992 3349 1001 3376 Ι

223 3394 295 3462 Iam
316 3418 394 3463 vero
417 3395 460 3461 de
479 3412 629 3489 tempore
650 3395 825 3487 legationis
839 3391 947 3464 'huius
969 3395 1180 3492 foederisque

136 3497 216 3566 sacti
229 3496 408 3566 difficilior
431 3501 582 3592 quaestio
603 3500 808 3568 instituenda
820 3503 892 3568 erit.
939 3493 1181 3570 Demosthenes

55 3664 57 3669 .
137 3627 185 3672 or.
209 3601 252 3670 de
274 3625 342 3670 cor.
363 3628 398 3696 p.
422 3607 497 3672 252.
520 3603 721 3695 legationem
750 3604 793 3671 ad
819 3604 936 3674 foedus
958 3631 1035 3673 cum
1057 3608 1184 3676 Euboi-

137 3711 185 3775 cis
207 3707 397 3776 civitatihus
414 3708 602 3776 ineundum
614 3709 797 3777 decrevisse
819 3733 855 3776 se
877 3709 962 3778 dicit
972 3714 1060 3778 inter
1071 3715 1187 3804 prima-

136 3810 290 3906 Philippi
315 3810 363 3902 ad
391 3812 562 3880 Euboeam
591 3837 651 3881 suo
674 3816 816 3907 imperio
845 3815 1090 3883 subiiciendam
1112 3841 1184 3885 mo-

137 3914 273 4002 limina3
303 3914 555 4011 expeditionem
569 3926 658 3987 ¹vero
673 3919 911 3986 ·Eretriensem
943 3939 975 3987 et
1004 3919 1183 3989 Oritanam

85 4083 87 4087 ,
138 4041 215 4117 post
236 4025 404 4093 institutos
429 4021 513 4097 Orci
530 4024 754 4116 Eretriaeque
778 4016 945 4117 tyr'aunos·
970 4024 1104 4091 Prima
1127 4053 1185 4093 au-
