2594 4672
697 269 764 335 stt

653 354 809 373 -ιῴ

217 418 343 510 dintins
370 439 407 505 in
440 460 479 504 ea
512 436 636 504 morari
667 452 947 528 supervacaneum
981 429 1141 500 rideatur.
1190 435 1255 503 lle·

212 549 369 641 'primunt
401 543 491 609 enim
524 535 689 607 eiusmodi
717 539 943 630 suspicionem
968 534 1099 628 reliqui
1129 560 1254 607 monn-

215 666 336 732 menta,
358 647 501 716 orationi
521 645 603 710 hnic
622 645 761 723 inserta,
791 665 938 732 qnorum
966 642 1120 707 omniurn
1141 666 1181 708 ea
1202 659 1255 712 est

212 754 381 834 conditio,
411 767 449 818 nt
479 749 607 816 etiamsi
636 748 676 813 in
708 744 850 838 singulis
879 744 1055 836 depravata
1085 744 1254 835 quaedam

216 876 271 926 aut
298 853 447 925 mutilata
474 849 752 946 deprehenderis,
783 849 896 924 omniu
923 864 1033 917 umen
1060 867 1152 921 certe
1180 873 1254 921 non

212 1070 524 1093 m

299 1226 419 1288 fuissent
447 1226 549 1309 legati,
577 1247 631 1288 suo
659 1247 695 1288 ex
723 1227 838 1308 ingenio
865 1224 1023 1303 addiderit,
1050 1238 1080 1284 et
1100 1222 1254 1286 Eubulum
1280 1277 1282 1280 ,

301 1311 422 1396 quidem
448 1327 592 1373 mutuatus
620 1314 657 1373 sit
685 1311 723 1373 ab
752 1314 817 1395 ipso
838 1313 1034 1383 Demosthene
1063 1308 1113 1394 (de
1136 1333 1197 1371 cor.
1219 1309 1253 1394 p.

302 1402 392 1477 232),
421 1400 605 1476 Aeschinem,
641 1398 923 1482 Cephisophontem,
962 1399 1106 1460 Cleonem
1133 1396 1254 1458 desum·

299 1488 391 1569 pserit
412 1508 448 1547 ex
469 1487 617 1547 Aesdrinis
638 1485 737 1547 libello
759 1484 807 1564 (de
830 1507 891 1546 cor.
913 1508 946 1568 p.
970 1483 1059 1563 243),
1090 1485 1253 1545 Democra-

299 1589 358 1634 tem
390 1594 426 1634 ex
454 1570 572 1632 decreto
593 1573 794 1633 Demosthenis
815 1571 864 1650 (de
885 1594 945 1632 cor.
967 1593 998 1653 p.
1022 1571 1112 1648 289),
1142 1571 1254 1653 quibus

301 1662 434 1743 quinque
461 1660 517 1718 hoc
543 1657 631 1718 modo
658 1657 781 1735 additis,
807 1661 956 1740 irrepsisse
984 1659 1068 1718 etiam
1094 1659 1126 1717 in
1148 1657 1253 1718 decre-

299 1763 361 1806 tum
382 1747 496 1807 coniicit
516 1741 752 1827 illud-aptatur
772 1737 899 1806 ἑλέσθαι
918 1739 980 1824 ἤδη
1002 1741 1124 1806 πέντε.
1168 1747 1254 1804 Eun·

299 1832 367 1893 dem
387 1832 501 1891 finxisse
524 1831 607 1889 etiam
628 1831 775 1890 contendit
795 1831 967 1912 Spengelius
989 1833 1154 1912 archontem
1164 1832 1254 1891 Mne·

298 1918 447 2001 siphilum,
469 1917 552 1976 sicuti
571 1916 701 1998 reliquos
721 1916 983 1997 pseudeponymos,
1005 1933 1154 2002 quotquot
1164 1910 1253 2000 prae·

299 2005 349 2073 liri
376 2003 432 2063 sint
461 2001 583 2061 decretis
605 2002 726 2060 orationi
746 2001 785 2061 de
807 2024 866 2062 cor.
888 2004 1022 2082 insertis,
1049 2021 1080 2064 et
1101 2002 1250 2085 delapsum

301 2092 386 2152 ctiam
412 2109 475 2149 csse
504 2088 533 2145 in
562 2086 841 2148 Hecatomhueonem
861 2089 1007 2168 ultimum,
1036 2089 1120 2172 quod
1139 2112 1194 2172 pax
1216 2092 1247 2150 in

206 2210 209 2215 ·
301 2177 420 2240 decreto
441 2174 603 2255 composita
624 2173 732 2234 feratur
753 2170 793 2235 ἐκ
819 2176 865 2258 τῇ
886 2170 1021 2260 πρώτη
1043 2173 1246 2263 ἐκκλησίᾳ,

299 2266 369 2325 item
389 2263 418 2322 in
440 2260 556 2322 decreto
577 2262 727 2342 sequenti,
749 2261 948 2340 Callisthenis,
978 2265 1009 2323 in
1030 2265 1249 2324 Maemacterio-

299 2373 366 2412 nem
386 2348 479 2426 XXI,
512 2345 594 2430 quod
620 2347 679 2407 hoc
694 2348 793 2408 latum
813 2350 1021 2410 Demosthenes
1043 2349 1149 2410 dixerit
1168 2350 1248 2411 hreri

299 2453 474 2522 postquam
498 2434 585 2517 legati
605 2448 664 2494 tres
690 2448 767 2495 totos
788 2457 898 2496 menses
924 2438 953 2496 in
975 2437 1149 2497 Macedonia
1170 2459 1247 2498 com·

299 2526 401 2585 morati
428 2522 553 2583 Athenas
589 2519 741 2582 redissent.
795 2522 906 2583 Eadem
938 2523 1000 2584 lere
1029 2544 1084 2584 nos
1115 2525 1247 2607 suspicati

205 2638 208 2643 -
299 2624 381 2669 antea
407 2629 512 2669 sumus.
555 2607 614 2667 Sed
643 2606 726 2690 quod
746 2609 802 2691 ipsi
822 2631 898 2670 nunc
918 2609 1052 2687 facimus,
1073 2611 1248 2692 reprobran-

300 2711 345 2755 tes
367 2715 442 2777 quae
463 2715 550 2775 supra
571 2694 663 2756 miuus
683 2709 762 2756 recte
783 2697 911 2756 statuisse
932 2698 1141 2774 intelleximus,
1172 2698 1247 2757 idem

236 2857 239 2861 Ι
300 2801 388 2863 spero
416 2779 556 2839 facturum
583 2779 769 2863 Spengelium
790 2804 852 2842 esse
866 2798 1027 2866 *postquam
1048 2785 1189 2844 Bocchhii
1209 2784 1246 2844 de

301 2865 484 2929 archontibus
515 2866 697 2949 pseudepon.
725 2871 988 2929 commentationem
1008 2870 1182 2953 perlegerit,
1217 2884 1245 2930 et

300 2955 419 3015 fortasse
440 2975 501 3012 mea
523 2954 607 3012 etiam
626 2954 709 3032 haec,
732 2957 755 3014 si
777 2978 819 3033 ea,
840 2955 872 3031 id
894 2955 976 3039 quod
998 2978 1106 3036 conor,
1127 2957 1163 3017 ad
1176 2978 1244 3017 con·

298 3039 463 3102 firmandam
488 3033 624 3100 Boeclhii
649 3042 813 3123 opinionem
842 3043 912 3108 utile
941 3043 1118 3126 aliquantum
1144 3044 1244 3104 attule-

297 3130 371 3205 rint,
392 3141 625 3210 mutaturumque
647 3148 713 3201 eum
733 3131 901 3210 praesertim
922 3151 983 3189 eam
996 3132 1164 3191 seutentiam
1175 3152 1243 3208 esse,

300 3237 335 3276 ex
363 3235 422 3298 qua
448 3235 545 3274 omues
577 3228 606 3274 et
633 3215 780 3276 archontes
809 3232 838 3275 et
858 3237 968 3276 menses
999 3218 1084 3290 etiam
1112 3216 1242 3301 diesque,

174 3303 176 3307 ’
203 3300 207 3308 '
299 3293 355 3385 qui
372 3301 540 3384 praescripti
570 3301 638 3360 actis
664 3301 790 3383 puhlicis
818 3317 883 3362 sunt
913 3304 1035 3362 orationi
1057 3304 1095 3363 de
1118 3326 1178 3364 cor.
1200 3305 1242 3363 in·

238 3453 239 3458 1
299 3388 395 3464 sertis,
427 3386 508 3446 fictos
529 3386 673 3448 iudicavit.
716 3389 815 3471 Atque
838 3410 873 3448 ne
895 3390 941 3447 hic
963 3390 1040 3449 ultra
1061 3393 1188 3471 primum
1208 3391 1242 3449 it·

298 3472 352 3534 lud
369 3473 519 3534 'decretum
542 3493 661 3555 evager,
690 3475 720 3532 in
748 3496 784 3534 eo
807 3475 892 3557 quod
913 3474 950 3534 de
968 3473 1132 3559 *legatist'ab
1154 3479 1242 3538 inter·

297 3551 428 3642 polato're
450 3557 553 3618 additis
574 3561 695 3620 coniecit
709 3560 889 3644 Spengelius,
911 3563 976 3621 satis
997 3564 1066 3640 mihi
1088 3563 1241 3624 refutatum

297 3645 411 3707 videtur
432 3647 475 3721 iis,
497 3656 571 3728 quae
593 3668 679 3728 supra
701 3649 807 3707 monita
828 3663 909 3722 sunt3
933 3646 1016 3730 quod
1030 3647 1240 3719 deHecatom·

295 3733 407 3793 haecne
429 3732 545 3806 ultimo,
568 3754 603 3796 ex
624 3734 664 3816 τῇ
690 3727 798 3817 πρώτῃ
824 3728 966 3820 ἐκκλησίᾳ
995 3750 1077 3811 nato,
1107 3737 1170 3819 ipsa
1191 3739 1241 3797 hac

294 3812 403 3903 πρώτη
424 3815 574 3903 ἐκκλησίᾳ,
600 3821 711 3902 quippe
734 3821 816 3903 quod
837 3843 895 3881 non
908 3818 992 3904 ἕκτῇ
1007 3817 1241 3906 ’πρώτῃέκκλη-

200 3904 208 3925 ’
294 3905 357 3992 σίᾳ,
381 3926 443 3982 nec,
466 3903 548 3987 quod
569 3906 674 3966 mavult
699 3906 845 3989 Spengel,
865 3905 1053 3993 προτεραίᾳ,
1082 3931 1141 3992 pax
1162 3932 1240 3971 com-

293 3994 386 4076 posita
408 3993 452 4068 sit,
473 3990 525 4051 scd
548 3985 580 4051 iv
600 3993 639 4075 τῇ
666 3989 837 4080 δευτεραίᾳ,
862 3995 910 4054 ΟΙ.
933 3992 1039 4071 CVlll,
1063 4017 1080 4056 a
1114 3997 1240 4080 Elaphe-

292 4077 467 4148 b01.xtx;
499 4077 577 4140 unde
605 4079 723 4140 maxime
748 4080 843 4164 liquet
872 4072 1020 4143 demetunt
1040 4082 1098 4142 hoe
1120 4104 1238 4167 prorsus
