2594 4672
567 259 723 361 ,3414

211 423 331 515 Atque,
355 448 397 490 ue
419 425 559 517 longum
580 424 710 506 faciam,
733 424 930 510 Boeckhius,
954 411 1058 515 qu’um
1081 448 1161 493 cou-

124 525 289 594 lusionem
312 525 411 594 talem
437 551 508 595 non
534 526 630 595 aliter
656 529 732 596 fieri
754 531 901 622 potuisse
924 547 1073 611 censeat,
1095 530 1161 595 nisi

83 706 85 710 ,
124 630 254 698 sihaeo
276 649 346 698 acta
369 653 405 696 ex
426 633 513 698 serie
544 633 688 724 quadam
718 631 928 701 decretorum
950 635 1053 724 petita
1083 633 1160 711 sint,

124 726 220 829 quae
237 734 396 826 disposita
425 733 608 802 secundum
635 752 766 802 certum
794 734 971 826 quendam·
990 737 1161 825 magistra-

123 856 196 934 tupr
218 857 334 919 essent,
357 863 419 928 per
441 839 612 932 epistatam
638 856 752 905 autem
779 837 914 929 disponi
937 837 1069 904 decreta
1091 862 1160 906 non

122 938 287 1034 potuis'se,
318 939 410 1033 quod
440 941 601 1007 diurnum
623 943 778 1034 epistotae
800 965 921 1007 munus
943 941 1160 1023 fue1·it,Boe-

123 1044 240 1112 chhius
262 1034 553 1141 pseudoponymos
575 1042 648 1112 illos
672 1069 707 1110 ex
734 1045 852 1110 scribis
875 1043 1059 1110 secundum
1080 1069 1160 1137 pry-

123 1151 248 1215 taniam
281 1165 376 1213 natos
407 1147 563 1228 coniicit,
595 1149 655 1238 qui
689 1173 708 1212 a
737 1145 851 1213 senatu
885 1167 972 1215 sorte
1001 1151 1102 1215 creati
1124 1146 1165 1214 eu

71 1338 76 1348 ν
123 1252 206 1344 ipsis
229 1251 446 1350 senatoribus,
470 1273 539 1317 non
562 1268 671 1318 tamen
696 1275 731 1316 ex
753 1239 958 1342 prytanibus,
981 1255 1106 1344 scripta
1128 1270 1161 1320 et

98 1379 100 1382 ’
125 1353 257 1423 decreta
285 1370 415 1420 senatus
446 1352 632 1448 populique
665 1357 843 1437 servarint,
886 1356 1000 1445 eisque
1036 1379 1160 1435 nomen
1249 1382 1252 1386 ·

124 1482 222 1525 suum
250 1459 541 1550 praescripserint,
573 1476 683 1536 ,tanne
712 1457 787 1527 illos
809 1459 1027 1539 auctoritatis,
1061 1477 1099 1526 nt
1121 1483 1160 1526 ex

122 1565 253 1654 primae
274 1563 445 1654 prytaniae
477 1561 600 1642 scriba,
632 1563 730 1628 etiam
761 1564 882 1630 omisso
911 1561 1069 1629 archonte
1102 1563 1160 1628 de-
1251 1571 1254 1577 '

124 1666 317 1758 signaretur
337 1656 457 1746 annus,
488 1665 540 1732 vel
573 1664 633 1732 ille
666 1683 755 1732 certe
788 1666 940 1733 archonti
969 1666 1160 1732 anni‘desi·

124 1769 249 1861 gnandi
271 1794 365 1836 causa
387 1769 572 1836 adderetur.
619 1771 725 1854 Quam
747 1773 973 1838 coniecturam
998 1771 1045 1837 ita
1066 1793 1163 1837 exor-

123 1875 214 1942 navit
228 1873 421 1962 Bocchhius
444 1891 477 1940 et
507 1873 730 1956 confirmavit,
760 1893 798 1942 ut
827 1875 863 1940 in
886 1899 925 1942 ea
947 1875 1160 1967 acquiescen-

210 2246 321 2304 tionis
336 2243 491 2303 similitudo
528 2239 739 2330 (Euthycles‚
781 2241 957 2326 Polycles,
989 2236 1158 2325 Neocles,

142 2395 149 2418 x
196 2331 408 2406 ¹Nausieles),
426 2352 468 2406 ea,
489 2332 513 2389 si
535 2332 563 2389 ei
585 2331 761 2411 aliquantum
781 2330 967 2392 tribuendum
990 2349 1047 2409 est,
1063 2350 1159 2434 potest
1185 2361 1187 2365 ’

209 2417 328 2486 fortasse
359 2438 457 2477 errore
487 2417 553 2493 uiti,
582 2437 640 2475 non
672 2432 765 2475 tamen
795 2417 950 2477 inventoris
978 2421 1093 2500 ingenio
1121 2421 1161 2480 ad

209 2504 293 2563 idem
309 2525 411 2563 vocum
432 2503 660 2562 inclinamentum
681 2503 802 2584 proclivi
824 2500 935 2581 deberi,
954 2504 1010 2564 sed
1031 2519 1159 2566 actorum
1233 2538 1235 2541 v

208 2592 306 2673 potius
328 2591 494 2671 scripturae,
516 2589 554 2649 ob
577 2590 749 2649 celeritatem
770 2590 1030 2675 compendiosae
1017 2605 1046 2652 et
1067 2593 1160 2652 minus
1226 2593 1230 2600 ’

209 2682 373 2753 accuratae,
402 2697 437 2735 ex
465 2698 522 2757 qua
557 2675 723 2758 explicanda
751 2665 829 2735 haud
859 2676 949 2737 dubie
983 2680 1066 2739 etiam
1092 2695 1158 2739 sunt

209 2763 424 2824 innumerabilia
446 2763 512 2822 vitia
534 2763 590 2838 illa,
613 2763 721 2844 quibus
748 2764 916 2824 archontum
937 2767 1050 2825 nomina
1078 2766 1158 2848 apud

210 2853 363 2933 scriptores
389 2849 519 2910 laborare
552 2850 669 2910 constat.
714 2851 860 2933 Namque,
880 2851 965 2935 quod
987 2854 1162 2935 Spengelius·

144 2978 149 2985 -
211 2937 247 2996 de
270 2937 458 2996 monumentis
479 2935 623 3017 publicis,
656 2939 776 2998 orationi
799 2937 836 2998 dc
859 2959 965 2998 corona
985 2940 1106 3015 insertis,
1127 2941 1158 3009 iu

209 3026 373 3084 universum
394 3023 501 3100 statuit,
522 3023 557 3082 ah
582 3024 644 3104 ipso
668 3045 699 3082 ea
722 3022 854 3103 profecta
871 3043 932 3083 esse
954 3024 1158 3102 Demosthene,

211 3127 239 3169 et
262 3109 381 3209 quidem
403 3107 463 3168 sine
491 3111 641 3208 archonte,
672 3131 767 3168 mense
798 3108 908 3191 dieque
936 3125 964 3170 et
992 3113 1107 3172 recitata
1129 3129 1177 3184 etl

210 3212 271 3255 turn
301 3197 426 3255 orationi
456 3199 572 3272 inserta,
610 3198 636 3255 ei
665 3211 693 3254 et
720 3197 872 3278 utriusque
903 3199 1007 3297 prioris
1040 3197 1159 3277 decreti,

210 3284 409 3342 Demosthenis
432 3283 680 3377 Callisthenisquc‚
701 3304 755 3340 nce
776 3303 834 3341 non
856 3284 946 3364 ipsius
967 3284 1038 3366 legis
1061 3285 1157 3345 Ctesi·

209 3372 351 3451 phontcae
373 3385 514 3451 repugnat
543 3369 678 3428 conditio.
723 3364 1014 3430 Verumenimvero'
988 3393 1068 3471 ‘rpse
1093 3373 1159 3433 De
1180 3423 1182 3426 ,

208 3459 368 3518 mosthenes
389 3457 503 3516 recitari
524 3454 606 3514 iubet
624 3447 758 3535 χρόνους
778 3478 809 3536 p.
801 3473 896 3536 .279‚
919 3457 946 3521 in
966 3458 1070 3552 eisque
1087 3461 1157 3542 ipsis

207 3544 263 3624 leg
238 3558 313 3602 “rtur
339 3534 593 3625 pseudeponynius
615 3542 817 3617 Mnesithides,
846 3544 898 3625 qui
926 3565 983 3603 non
1012 3559 1157 3626 potesta

207 3631 400 3688 Demosthene
422 3628 570 3710 proiectus
605 3645 675 3687 esse.
727 3628 818 3704 Quod
840 3631 967 3711 opinioni
998 3655 1063 3691 suae
1097 3655 1156 3690 ma-

209 3718 282 3774 xime
312 3737 473 3797 repugnare
514 3716 636 3791 sentiens
673 3714 843 3796 Spengelips
875 3739 973 3776 verum
1009 3721 1063 3776 hoe
1098 3742 1155 3778 nno

140 3844 143 3848 1
208 3803 276 3861 loco
310 3817 530 3868 monumentum,
553 3801 691 3861 excidisse
718 3801 849 3875 coniicit,
881 3819 908 3862 et
932 3805 1026 3867 fictum
1049 3805 1155 3889 substi-

207 3904 300 3948 tutum
321 3909 397 3960 esse;
421 3909 507 3969 quam
529 3889 677 3964 violenter,
699 3909 782 3951 nemo
805 3911 865 3949 uon
879 3890 966 3966 videt,
988 3892 1040 3971 qui
1062 3906 1155 3952 cetera
1177 3893 1178 3897 ’

209 3997 283 4057 quae
307 3989 403 4033 contra
425 3974 573 4069 Spengelii
594 3976 760 4066 opinionem
782 3997 869 4059 supra
891 3978 1065 4056 meriritum,
1086 3999 1156 4062 per-

208 4061 350 4144 penderit.
