2594 4672
123 418 208 541 ’ρρια
236 433 376 510 propter
404 415 521 485 foedus
553 438 633 482 cnm
664 413 936 483 Phocensibus
924 431 1032 482 retum
1063 415 1219 509 Atha·

123 525 266 592 nienses
272 520 524 602 dimicaverint,
547 517 702 586 adversus
719 519 931 613 Megarenses
952 543 1030 587 vero
1053 519 1224 590 etCo-

126 626 269 695 rinthios
291 623 430 692 bellasse
453 645 508 690 eos
530 622 655 690 eodem
682 641 834 715 tempore
855 621 1097 692 Demosthenes
1117 620 1171 694 di·

31 780 33 784 ·
126 748 196 798 cat:
225 730 290 797 οὐδ’
316 730 365 795 ἐπὶ
396 729 453 813 μὲν
478 730 671 815 Κορινθίανς
696 728 748 794 καὶ
768 723 984 815 Μεγαρέαςς
965 726 1173 815 condonatur

125 834 167 902 τὰ
194 832 276 900 ὅπλα
302 830 507 918 πορεύεσθαι,
542 832 698 897 Φίλιππον
725 829 753 897 d'
786 829 841 926 ἔρι”ν
868 827 973 908 πόλεις
988 828 1172 919 Ἑλληνίδας

122 939 421 1026 ἀνδραποδίζεσθαι.
445 933 585 1029 Olynth.
601 934 661 1016 ΙΙΙ,
683 959 717 1027 p.
741 931 793 1019 34.
815 975 859 989 -
880 932 1171 1035 Nugariproiecto
1221 950 1224 957 “

127 1040 292 1124 crederer,
315 1041 343 1106 si
363 1041 424 1108 ista
444 1061 635 1133 proponere
655 1035 783 1104 vellem.
806 1076 851 1090 -
873 1037 1023 1108 Omnino
1042 1041 1083 1106 in
1091 1040 1168 1107 nni·

125 1164 222 1214 'versa
241 1145 365 1213 borum
387 1162 575 1266 temporum
595 1143 726 1210 ratione
753 1139 886 1207 nullum
909 1145 1067 1211 occurrit
1080 1142 1167 1212 indi-
1194 1183 1199 1204 ι

127 1251 229 1331 cium,
251 1271 291 1315 ex
312 1272 380 1340 quo
402 1249 578 1340 impressio
599 1248 637 1315 in
659 1245 829 1315 Salamina
842 1245 1013 1314 Atticam
1001 1270 1169 1318 iurecon-

125 1354 186 1421 iici
209 1371 243 1420 et
263 1350 361 1419 reddi
381 1353 572 1420 verisimilis
593 1368 714 1447 posset.
1080 1360 1083 1373 '

201 1458 332 1578 ‘Itaque
359 1456 403 1523 ad
437 1455 627 1539 Salamina,
658 1455 765 1549 Cypri
794 1455 972 1549 oppidum,
993 1389 1171 1525 referenda

126 1562 291 1628 nimirum
312 1578 361 1627 est
381 1562 550 1653 expeditio
572 1561 649 1642 illa,
680 1560 724 1626 de
753 1582 821 1651 quo
843 1559 1032 1626 Reislsius
1022 1584 1094 1628 tam
1110 1584 1173 1630 uo·

127 1667 252 1757 gitarit,
275 1690 382 1757 quum
396 1665 535 1732 flurium
545 1665 726 1747 Salamina,
745 1664 852 1758 Cypri
870 1662 1048 1757 oppidum,
1070 1687 1172 1759 prae-

128 1771 339 1836 terfluentem
361 1767 527 1860 designari
558 1770 616 1836 bic
645 1784 793 1852 censeat,
819 1765 1011 1836 Diodorum
1036 1766 1073 1836 S.
1093 1766 1171 1835 lau-

126 1870 211 1939 dans
232 1869 309 1940 Vol.
333 1873 377 1953 II,
399 1899 433 1966 p.
462 1873 532 1959 114,
553 1876 608 1963 39.
651 1873 715 1940 Res
735 1873 770 1939 h.
792 1871 817 1938 l.
839 1897 859 1938 a
873 1869 1025 1940 Diodoro
1051 1870 1169 1954 relata,

126 1978 230 2043 unica
256 1992 321 2056 est,
349 1995 513 2069 quantum
539 2002 600 2046 nos
623 1976 762 2072 quidem
782 1974 920 2072 scimus,
947 1977 985 2042 in
1012 1978 1170 2047 universo

124 2081 226 2146 huius
259 2081 373 2145 aetatis
401 2076 523 2174 spatio,
557 2105 702 2175 quacum
733 2081 894 2176 'coniungi
922 2079 1006 2148 haec
1041 2081 1171 2151 decreti

126 2185 234 2252 nostri
257 2183 422 2275 expeditio
446 2182 626 2253 Salaminia
648 2187 761 2279 possit.
808 2184 941 2278 Cyprus
968 2185 1074 2267 enim,
1097 2203 1169 2255 tum

126 2289 287 2380 temporis
315 2289 488 2355 Persarum
516 2291 659 2385 imperio
689 2291 854 2371 subiecta,
890 2288 1030 2381 Olymp.
1059 2288 1169 2373 CVII,

125 2416 146 2460 a
170 2394 214 2459 ab
227 2394 407 2460 Artaxerxe
430 2392 560 2464 defecit.
594 2395 661 2478 Qui
674 2393 792 2463 eodem
803 2394 877 2487 ipso
892 2410 1054 2485 tempore,
1076 2392 1169 2463 bello

125 2522 204 2564 cnm
224 2498 467 2591 Aegyptiorum
493 2497 677 2567 rebellante
706 2523 783 2591 rege
805 2513 983 2590 occupatus
1004 2497 1165 2581 Idrieun,

124 2603 243 2669 Cariae
265 2620 439 2694 satrapam,
461 2602 652 2695 redigere
641 2628 680 2669 ιιι
701 2604 878 2670 Persarum
897 2617 1097 2694 potestatem
1117 2603 1167 2670 in·

124 2705 263 2772 sulam
252 2707 359 2771 tussit.
404 2705 563 2773 Idtieus
553 2709 657 2798 igitur
677 2706 884 2801 congregatis
904 2703 1057 2798 undique
1079 2728 1166 2775 mer·

124 2810 266 2892 cerariis
292 2807 429 2876 classem
452 2826 568 2881 contra
589 2809 771 2880 defectores
798 2811 892 2878 misit
912 2807 1053 2877 ducibus
1079 2810 1167 2880 Eua·

126 2936 206 3006 gora
237 2931 271 2980 et
291 2913 462 2980 Phocione
487 2914 699 2999 Atheniensi,
728 2917 789 3009 qui
820 2915 941 2982 urbem
970 2916 1166 3006 praesertin

126 3015 296 3086 Salamina
318 3016 377 3084 diu
391 3018 580 3087 obsessam
568 3022 760 3112 rnsequenti
774 3017 909 3087 tandem
922 3043 1011 3087 anno
1025 3016 1165 3114 Olympi

126 3122 234 3204 CVII,
258 3125 544 3217 despuguarnnt
586 3124 677 3192 Haec
693 3120 862 3192 Diodorus
877 3123 968 3206 XVI,
990 3122 1034 3208 ¹l²
1056 3141 1093 3191 et
1112 3122 1166 3210 td

122 3226 176 3294 Ex
196 3225 336 3317 reliquis
358 3228 579 3321 scriptoribus
604 3252 716 3322 neque
742 3226 940 3296 Plutarchus
967 3251 1032 3294 uec
1061 3227 1167 3297 Corn.

123 3330 269 3424 Nepos
259 3355 296 3398 ιιι
318 3331 496 3401 Phocionis
516 3334 584 3402 vita
604 3333 683 3402 facti
705 3331 797 3400 illius
823 3330 928 3399 ullam
957 3332 1169 3401 mentionem

122 3433 260 3502 iaciunt.
316 3435 473 3504 Fluvium
512 3435 680 3505 Salamina
719 3437 1014 3558 praeterfluentem
1053 3428 1172 3505 Ptole-

111 3552 236 3617 'maens
271 3538 453 3607 Pediaeum
489 3541 593 3611 affert.
656 3540 826 3608 Eademne
861 3542 962 3633 igitur
1003 3556 1171 3634 opportu-

120 3644 226 3710 nitate
252 3642 472 3713 Athenienses
501 3648 610 3714 Persis
631 3644 756 3713 auxilia
775 3645 963 3713 miserunt-'l
993 3643 1169 3719 Diodorus

120 3747 345 3815 Athenienses
368 3767 468 3842 atque
489 3748 779 3830 Lacedaemonios,
801 3773 907 3841 quum
929 3748 970 3814 ab
984 3751 1174 3817 Artaxerxe

123 3847 166 3917 ad
186 3850 271 3919 belli
293 3852 448 3919 adversus
469 3854 651 3946 Aegyptios
673 3855 864 3922 societatem
891 3854 1023 3919 invitati
1045 3865 1168 3935 essent,

120 3979 288 4023 recusasse
311 3981 383 4023 eam
405 3955 521 4024 refert:
540 3957 705 4044 Ἀθηναῖοι
725 3959 783 4042 μὲν
810 3951 866 4024 οὖν
886 3960 938 4025 καὶ
959 3949 1170 4042 Λακεδαιμό-

119 4084 181 4127 νιοι
209 4061 268 4148 τὴν
295 4064 402 4150 φιλίαν
428 4061 566 4161 ἴρασαν,
598 4062 657 4148 τὴν
685 4059 767 4150 πρὸς
793 4061 868 4141 τοὺς
896 4063 1028 4149 Πέρσας
1047 4070 1169 4150 τηρεῖν,

936 4240 942 4246 ’
1028 4248 1036 4298 l
