2594 4672
506 274 656 380 ...Q-

56 418 253 510 mentorum
278 439 398 509 horum
424 443 507 511 ratio
538 443 764 534 conditioque.
826 439 865 505 Id
901 437 992 530 quod
1030 439 1093 505 hcc

56 546 130 616 loco
168 568 442 638 persequemur,
467 542 565 613 initio
600 547 640 613 ab
678 542 895 613 retractandis
930 544 970 608 iis
1009 543 1093 608 facto

57 673 145 744 quac
166 651 204 716 in
225 640 451 741 superioribus
472 653 585 717 minus
607 650 750 719 feliciter
776 646 957 740 explorasse
981 645 1096 717 solvis·
1167 675 1171 682 ·

57 778 159 846 seque
181 753 275 821 nobis
297 779 390 822 nunc
411 779 604 848 persuasum
625 754 795 835 habemus,
818 751 977 819 Boeclbii
999 776 1095 842 prae-

57 859 172 924 sertim
199 856 326 928 iudicio
356 863 554 954 monituque
584 860 627 926 ad
654 859 796 927 meliora
823 857 977 924 revocati.
1023 855 1096 922 Sci-

57 962 140 1030 licet
160 962 345 1030 Bocckhius
373 967 412 1031 in
445 962 654 1057 explorandis
681 965 878 1032 archontum
908 962 1003 1026 annis
1026 987 1096 1028 ma-

57 1091 157 1160 gnam
175 1067 296 1134 eorum
328 1069 429 1134 etiam
449 1084 580 1158 partem
602 1070 727 1159 tetigit,
755 1092 841 1160 qnae
862 1090 923 1134 nos
944 1067 982 1131 in
1005 1087 1096 1132 com·

57 1172 230 1239 mentariis
252 1171 372 1237 nostris
393 1166 620 1254 tractavimus,
651 1171 790 1240 devitata
812 1189 937 1251 tamen,
965 1187 1002 1235 ut
1024 1170 1095 1261 ipse

59 1277 114 1356 ait,
137 1274 293 1339 uberiore
316 1277 410 1356 omni
436 1275 478 1342 de
506 1277 606 1343 rebus
628 1277 726 1368 gestis
749 1275 987 1366 disputatione,
1011 1297 1096 1364 quae

59 1402 99 1446 ex
131 1379 276 1444 instituti
308 1381 412 1467 nostri
451 1380 579 1447 ratione
619 1378 850 1474 persequenda
885 1379 980 1445 nobis
1017 1393 1096 1449 erat.

58 1486 171 1575 Atque
201 1482 237 1546 in
267 1505 305 1551 ea
335 1483 445 1574 operis
476 1484 580 1550 nostri
614 1502 726 1574 parte,
767 1508 851 1576 quae
885 1504 1097 1549 communem

58 1613 136 1655 cum
156 1585 367 1654 Boeclthiana
390 1586 679 1679 commentatione
706 1589 879 1654 materiam
896 1587 1006 1665 habet,
1028 1583 1096 1650 lae-

58 1695 117 1760 tati
140 1714 350 1782 summopere
371 1715 502 1771 sumus,
535 1716 611 1758 cum
633 1691 849 1759 Bocckhianis
873 1689 1008 1757 calculis
1035 1682 1119 1755 n0-'

56 1813 141 1863 stros
170 1797 211 1861 'in
247 1780 420 1886 plerisque
458 1797 655 1862 consentire.
709 1798 786 1863 Duo
824 1815 954 1876 tamen,
990 1815 1094 1884 caque

56 1897 148 1966 haud
168 1900 264 1990 parvi
286 1899 465 1979 momenti,
495 1901 695 1990 reperimus,
719 1900 761 1967 de
788 1901 910 1993 quibus
931 1897 1095 1965 diversam

58 2030 77 2070 a
98 2002 265 2070 Boeckhio
288 2003 485 2093 sententiam
507 2005 716 2095 protulimus,
738 2004 853 2071 falsam
877 2003 1030 2097 quidem,
1057 2019 1096 2069 ut

55 2131 148 2176 nunc
177 2105 407 2197 intelligimus,
438 2105 496 2172 sed
530 2132 612 2196 quae
643 2107 812 2175 emendati
841 2125 916 2176 ante
941 2133 1011 2176 non
1032 2131 1095 2198 po-

57 2228 151 2292 terat,
174 2209 274 2302 quod‚
290 2228 335 2276 ¹ut
356 2233 458 2301 supra
489 2213 652 2276 monitum
682 2231 748 2293 est,
780 2230 892 2280 octava
914 2215 982 2277 iam
1004 2233 1094 2277 com·

54 2317 297 2382 mentariorum
332 2331 528 2381 nostrorum⁴
553 2313 686 2408 plagula
722 2315 816 2407 prelo
847 2315 1093 2393 subiiciebatur,

56 2444 164 2512 quum
185 2418 345 2485 Boeclthii
366 2417 580 2508 scriptionem
604 2419 725 2511 accepi.
777 2442 780 2446 ⁴
1099 2478 1101 2482 Α

144 2524 261 2615 Itaque
293 2519 503 2590 redeundum
537 2523 684 2613 primum
718 2540 766 2588 est
796 2523 837 2588 ad
858 2520 1094 2614 pseudepony-

55 2651 150 2694 mum
170 2628 395 2693 Demonicum
429 2629 466 2691 in
497 2625 628 2692 decreto
659 2624 784 2693 Calliae
813 2651 859 2694 or.
895 2625 935 2694 de
967 2649 1034 2693 cor,
1057 2652 1091 2717 p.

58 2732 133 2813 265,
157 2729 286 2822 dequo
309 2729 497 2797 Boeclthius
520 2727 552 2810 (l.
576 2754 603 2795 c.
626 2756 659 2822 p.
685 2737 716 2821 7)
739 2733 783 2797 ita
800 2731 991 2823 disputavit:
1013 2752 1094 2811 „co-

55 2859 140 2903 rona
169 2835 361 2903 decernitur
382 2832 548 2914 Nausicli,
579 2833 671 2924 quod
700 2860 806 2927 quum
836 2835 1092 2904 Atheniensibus

58 2943 95 3007 in
119 2939 232 3005 Imbro
257 2939 382 3006 colonis
405 2961 504 3029 opem
526 2938 652 3005 ferrent
674 2942 777 3006 Attici
799 2938 1017 3031 praesidiarii,
1039 2938 1092 3002 his

56 3045 98 3120 sit
120 3043 285 3136 stipendia
306 3042 456 3135 largitus,
480 3041 596 3109 eodem
620 3060 786 3134 tempore,
818 3043 936 3111 eodem
957 3041 1094 3107 fortasse

58 3147 280 3229 die,'auotore
303 3146 421 3213 eodem
445 3144 561 3226 Callia,
586 3145 822 3212 Charidemum
847 3147 1091 3226 etDiotimum,

57 3253 118 3343 qui
152 3251 320 3318 Salamine
342 3252 489 3344 [quam
527 3273 607 3316 non
639 3248 792 3342 Cypri,
830 3249 909 3316 sed
931 3250 1091 3315 Atticae

54 3354 404 3446 vicinam-intelligi
446 3372 563 3446 sponte
587 3354 709 3446 pateat]
735 3354 840 3446 copiis
867 3343 1089 3446 praefuerant,

53 3458 182 3552 placuit
204 3461 366 3540 coronari,
391 3460 532 3550 quorum
555 3481 694 3524 coronae
710 3482 778 3525 non
802 3475 929 3525 tantum
951 3461 988 3524 in
1010 3458 1093 3532 Dio-

57 3565 178 3656 nysiis,
216 3558 274 3629 se'd
303 3564 402 3629 etiarn
431 3564 466 3629 in
503 3564 633 3655 Magnis
665 3563 898 3634 Panathenaeis
934 3562 1093 3630 dicuntur

55 3666 303 3734 renunciandae
335 3691 416 3733 esse.
477 3669 599 3758 Magna
636 3691 712 3734 vero
744 3668 971 3757 Panathenaea
1003 3685 1092 3734 anno
1158 3736 1161 3740 ,

57 3769 303 3867 Olympiadnm
339 3773 435 3838 tertio
473 3773 622 3862 quoquc,
660 3794 773 3836 mense
806 3760 1130 3859 Hecatqmbaeone·''

56 3895 129 3945 acta
166 3875 256 3942 sunt:
297 3899 383 3965 quae
419 3900 521 3967 quum
556 3876 677 3942 horum
714 3874 921 3943 decretorum
962 3891 1108 3967 tempu!⁴

54 3981 204 4075 proxime
234 3978 407 4042 videantur
442 3997 551 4045 secuta
574 4004 671 4060 esse,
697 3980 911 4067 ‘Demonicus
947 3974 1095 4056 secundo

58 4108 160 4181 anno,
186 4080 408 4156 tribuendus„
427 4083 498 4152 e'rit.
558 4083 626 4153 Nec
665 4087 850 4179 reppereris
886 4080 1095 4155 commodior
