2594 4672
617 289 682 360 273

129 452 321 550 Philippi
310 457 498 563 impressio
518 453 725 538 imminebat,
747 458 920 524 moenium
950 456 1167 542 curatoribus,

128 564 309 655 ipsumque
331 583 410 626 oum
431 580 551 628 novem
572 558 645 628 aliis
667 586 686 626 a
714 561 804 627 tribu
825 585 884 627 sua
905 560 1077 644 τειχιποιόν
1098 587 1170 629 esse
1201 614 1204 622 .

129 663 272 733 electum
303 663 565 756 Scirophorione
598 681 735 730 ineunte
741 713 752 746 ,
789 665 904 756 paucis
932 681 1007 731 ante
1037 685 1168 760 captam

129 768 278 838 Elateam
291 767 421 850 diebus,
443 785 491 850 ut,
514 768 543 833 si
561 767 647 834 male
668 791 720 833 res
743 784 886 834 verteret
906 770 1167 862 repentinaeque
1264 833 1269 841 ,

127 873 355 965 impressionis
374 888 482 940 metus
505 871 625 938 urbem
646 868 828 951 invaderet,
849 873 957 964 parati
980 891 1089 940 essent
1109 876 1168 966 qui

128 977 225 1069 operi
253 977 327 1042 sine
352 999 448 1043 mora
469 1000 606 1042 manum
628 975 846 1067 apponerent,
869 977 914 1041 ita
936 993 974 1041 ut
995 1000 1066 1043 non
1087 1001 1168 1045 oon·
1261 1013 1265 1019 ·

127 1083 222 1149 tinuo
245 1101 329 1171 opus
351 1081 540 1171 inceptum,
570 1079 630 1145 sed
651 1076 791 1145 dilatum
813 1080 914 1147 sitin
935 1078 1168 1171 tempestivum
1263 1150 1268 1159 ,

128 1199 345 1263 momentum,
369 1205 437 1274 quo
459 1181 562 1272 magis
584 1200 656 1250 tum
686 1179 794 1248 adhuc
816 1175 924 1250 omnis
945 1185 1090 1275 pecunia
1112 1209 1169 1253 co-

127 1289 195 1380 piis
223 1302 335 1378 posset
374 1281 614 1377 congregandis
652 1285 805 1376 impendi
845 1304 878 1353 et
906 1288 1013 1354 maior
1044 1289 1168 1357 civium
1231 1344 1234 1351 .

127 1398 288 1457 numerus
321 1388 359 1454 in
394 1412 484 1453 arma
520 1390 631 1455 vocari
660 1389 814 1480 hostique
849 1389 1023 1456 obviam
1012 1415 1073 1456 irc.
1122 1393 1178 1461 Et·

128 1494 280 1588 apposita
301 1491 436 1560 fortasse
459 1493 557 1558 etiam
586 1516 705 1559 manus
727 1493 838 1558 statim
869 1511 953 1560 esset
974 1495 1078 1585 operi,
1100 1496 1168 1569 nisi
1233 1490 1235 1494 ⁴

126 1600 222 1668 brevi
243 1613 329 1691 post,
362 1613 459 1688 capta
486 1595 619 1678 Elatea,
653 1594 866 1664 conciliatum
898 1619 976 1662 cum
996 1596 1167 1663 Thebanis
1257 1597 1261 1605 '

88 1706 89 1709 ’
123 1702 244 1772 foedus
265 1725 382 1767 rerum
408 1700 528 1767 faciem
553 1701 756 1783 mutavisset,
778 1702 884 1792 inque
905 1698 1166 1766 Atheniensibus

127 1832 224 1900 spem
245 1807 413 1873 excitasset
432 1805 520 1887 fore,
551 1821 590 1870 ut
617 1802 660 1870 ad
685 1807 776 1897 ipsos
798 1805 953 1879 Boeotiae
982 1804 1066 1872 fines
1088 1803 1168 1870 Phi-

124 1909 239 2030 lippus
260 1909 410 2003 reprimi,
432 1909 567 2002 ipsique
597 1909 638 1974 ab
666 1910 898 2000 impressione¹
918 1909 1056 1976 omnino
1083 1905 1168 1975 libe·
1260 1946 1264 1956 =

125 2017 196 2081 rari
233 2030 377 2107 possent.
436 2015 554 2106 Itaque
585 2013 710 2080 factum
740 2030 803 2092 est,
845 2030 883 2079 ut
914 2011 1168 2094 Demosthenes,

127 2117 268 2210 Olymp.
292 2117 372 2198 CX,
401 2141 422 2182 a
452 2135 533 2183 extr
563 2119 734 2184 moenium
761 2133 893 2211 curator
913 2135 1057 2199 creatus,
1086 2140 1168 2215 con
1178 2154 1182 2179 .-

126 2221 241 2288 ciliato
264 2244 341 2288 oum
361 2219 541 2303 Thebanis
558 2217 708 2300 foedere,
742 2221 815 2311 ipse
845 2245 924 2287 cum
951 2222 1094 2291 exercitu
1124 2220 1168 2287 ad

124 2349 277 2418 pugnam
305 2347 452 2416 egressus
485 2323 546 2405 sit,
581 2323 671 2390 unde
701 2321 847 2415 clypeo
860 2324 987 2391 abiecto
1024 2325 1168 2416 turpiter
1207 2388 1227 2410 Ἴ,

124 2427 240 2522 fugam
252 2452 340 2511 ¹eum
362 2429 489 2520 cepisse
505 2425 773 2510 ¹adversariorum
803 2426 881 2494 tulit
901 2426 1079 2494 calumnia.
1122 2427 1167 2495 V.

122 2532 245 2600 Aesch.
274 2533 311 2598 in
335 2533 422 2600 Ctes.
444 2558 479 2625 p.
504 2530 546 2622 74
559 2549 637 2598 extr.
660 2531 702 2622 76
720 2529 821 2613 med..
837 2533 881 2622 89
903 2550 983 2599 extr.
1005 2530 1171 2604 Dinarch.

124 2638 166 2704 in
191 2637 363 2705 Demosth.
390 2661 426 2730 p.
461 2658 508 2704 ιο.
561 2635 648 2703 Plut.
672 2635 843 2703 Demosth.
871 2660 900 2703 c.
924 2659 976 2703 ιο.
1019 2634 1187 2704 Pseudo·-¹

123 2738 213 2808 Plut.
241 2742 296 2810 vit.
324 2743 368 2808 X.
395 2764 463 2808 orr.
499 2765 534 2833 p.
564 2741 638 2809 263.
676 2741 717 2806 H.
768 2742 817 2807 Ita
844 2742 946 2809 etiam
972 2743 1097 2822 evenit,
1117 2758 1181 2809 nt·

123 2861 203 2938 post
226 2854 382 2941 pugnam
403 2845 556 2928 demum,
587 2842 723 2936 Olymp.
755 2844 836 2928 CX,
869 2847 890 2915 3
921 2845 1169 2935 Metagitnionc

124 2949 202 3018 VII.
225 2952 389 3031 amissam,
411 2949 651 3016 Demosthenes
682 2949 829 3016 Athenas
859 2950 1020 3016 continuo
1053 2949 1168 3031 redux,

126 3077 234 3147 quum
262 3070 342 3125 tuno
382 3051 657 3120 communiendae
690 3053 782 3133 urbis
821 3052 949 3119 adesset
964 3053 1173 3135 necessitas,

125 3156 302 3227 decretum
339 3155 452 3224 tulerit
487 3155 528 3223 de
561 3157 715 3250 pecuniis
746 3157 781 3220 in
820 3159 955 3224 moenia
984 3156 1169 3223 reficienda
1255 3150 1262 3246 ’γ

125 3259 332 3329 destinandis
362 3263 417 3351 (de
448 3285 515 3329 cor.
538 3287 571 3352 p.
596 3262 684 3350 309).
731 3259 862 3342 Quibus
884 3259 1056 3330 destinatis
1084 3284 1182 3383 opus¹

125 3366 286 3434 continuo
304 3367 488 3459 inceptum,
515 3382 549 3430 et
563 3364 642 3430 licet
656 3363 825 3455 perbrevi
839 3380 924 3454 post,
942 3364 1085 3457 ipsoque
1098 3368 1169 3435 iam

123 3469 261 3537 fortasse
291 3469 553 3561 Metagitnione,
597 3470 821 3560 inexspectato
855 3468 1031 3536 conciliata
1069 3487 1167 3570 esset,
1253 3508 1257 3516 ·

126 3575 358 3642 continuatum
387 3592 452 3657 est,
488 3568 596 3643 donec
631 3572 865 3642 absolveretur.
915 3571 1023 3665 quue
1049 3598 1171 3641 curan·
1216 3658 1218 3665 ἲ

124 3676 207 3744 dum
240 3696 317 3771 post
348 3704 518 3771 pugnam
537 3676 722 3745 demum
712 3700 879 3772 ingressus
912 3677 1204 3769 Demosthenes,

93 3857 95 3860 ,
123 3783 299 3867 τειχοποιός
320 3800 396 3850 ante
419 3800 563 3864 creatus,
596 3783 745 3875 propriis
768 3782 929 3874 impensis
949 3782 1050 3851 fossas
1072 3804 1215 3893 praec».¹

125 3888 241 3954 sertim
262 3886 438 3957 moenibus
460 3886 713 3978 praeducendas
737 3887 879 3968 curavit,
903 3885 1041 4007 quibus,
1063 3882 1219 4008 quemi

125 4014 241 4058 earum
261 4012 340 4057 usus
363 3987 406 4054 ad
428 3989 651 4097 cohibendam
671 3991 807 4059 hostis
796 3992 1053 4111 rmpressioncm
1071 3990 1197 4082 princ-1

126 4093 244 4187 cipalis
266 4117 345 4163 sane
367 4087 644 4188 gravissimosque
667 4112 765 4180 esset,
787 4095 899 4189 primo
921 4095 1030 4164 statim
1049 4114 1198 4188 msam

662 4213 664 4218 “
814 4201 855 4268 18
