2594 4672
686 237 750 309 61

631 325 789 364 ύ--φ

185 411 279 478 vium
299 405 516 478 multitudino
535 423 702 502 perquam
730 409 905 479 abundans
897 408 1093 521 illiusque
1126 415 1236 525 regio·

184 515 238 581 nis
260 513 511 607 opulentissima
532 513 644 598 (Diod.
661 514 754 598 XVI,
773 517 820 608 8),
845 485 950 608 qudm
969 515 1012 583 ob
1028 514 1235 591 crescentem

64 648 65 651 ι
100 634 101 638 ’
156 619 222 720 1ἱιι
251 616 322 685 dies
352 616 575 687 Macedonum
602 621 789 710 potentiam
819 619 861 686 de
893 640 978 686 sua
986 621 1089 711 ipsius
1126 622 1233 693 salute

183 724 288 816 magis
310 724 484 816 magisque
505 741 684 806 metueret,
710 723 845 791 foedere
867 744 945 791 cum
965 723 1230 798 Atheniensibus

182 827 249 894 icto
271 827 357 893 vires
386 826 587 894 confirmare
610 827 782 920 cupiebat,
811 827 1013 920 quibuscum
1039 828 1103 894 sibi
1133 832 1230 900 antea

178 932 357 997 inimicitia
368 928 523 1023 bellaque
536 930 799 1013 intercedebant,
822 931 865 999 de
887 932 1010 1024 quibus
1031 957 1062 998 v.
1076 932 1172 1001 Dem.
1188 939 1228 1004 in
1257 997 1258 1000 ,

176 1035 339 1104 Aristocr.
368 1058 404 1125 p.
432 1035 507 1124 669.
567 1033 637 1102 Sed
669 1034 847 1130 Philippus
878 1034 1004 1103 callidis
1034 1039 1155 1105 artibus
1191 1059 1225 1110 et

175 1139 268 1206 vanis
290 1136 370 1219 illis,
394 1162 480 1230 quae
502 1141 603 1231 supra
624 1158 807 1207 memorata
823 1157 910 1221 sunt,
932 1136 1103 1232 premissis
1118 1159 1223 1212 nuto-

59 1302 64 1312 ,
173 1265 257 1334 pere
279 1241 343 1307 sibi
366 1239 765 1311 animosAtheniensium
788 1236 1019 1336 applicaverat,
1041 1243 1163 1336 legatos
1185 1266 1222 1317 nt

38 1405 41 1412 ,
175 1345 417 1438 Olynthiorum
448 1345 616 1416 inauditos
645 1347 879 1446 ablegaverint
938 1348 1037 1415 Dem.
1078 1350 1221 1443 Olynth.

172 1449 236 1531 ΙΙ,
253 1473 288 1542 p.
323 1473 378 1538 19,
415 1473 466 1517 uo.
518 1450 565 1517 At
599 1468 758 1542 occupata
793 1450 924 1542 Pydna
947 1451 1222 1548 Amphipolique

86 1565 91 1584 ’
165 1560 279 1672 'quum
307 1552 437 1619 bellum
472 1577 551 1621 cum
585 1554 848 1622 Atheniensibus
878 1553 989 1646 palam
1025 1579 1221 1628 exarsurum

168 1655 237 1725 iam
259 1661 361 1740 esset,
377 1654 568 1778 Philippus
592 1658 776 1726 conciliare
804 1657 869 1722 sibi
891 1655 1073 1748 Olynthios
1103 1663 1219 1782 cppie-

93 1815 95 1819 ,
167 1760 235 1842 bat,
258 1762 526 1857 impetravitque,
549 1777 588 1826 ut
609 1784 723 1827 secum
739 1761 929 1827 societatem
950 1763 1087 1844 inirent,
1110 1766 1218 1834 s1Po

167 1863 313 1936 tidaeam
333 1861 597 1930 Atheniensibus
620 1864 838 1958 abreptam''
815 1888 856 1929 ns
878 1865 1081 1932 restituisset.
1111 1868 1220 1937 Diod.

168 1969 267 2051 XVI,
298 1971 329 2036 8.
374 1967 473 2032 Dem.
498 1965 714 2060 Olynth.11‚
748 1991 783 2058 p.
807 1989 859 2033 ιο.
904 1965 994 2034 Phil.
1022 1969 1070 2050 ΙΙ,
1099 1993 1135 2063 p.
1160 1996 1219 2064 70,·

167 2095 221 2167 71,
244 2095 293 2139 or.
315 2072 354 2138 in
376 2065 595 2164 Aristocbp.
618 2070 694 2159 659.
738 2069 897 2139 Potidaea
927 2072 1019 2137 enim
1041 2079 1213 2166 sexaginta

164 2175 267 2246 modo
289 2142 473 2256 stadiorum
495 2172 667 2243 intervallo
685 2175 726 2241 ab
743 2172 894 2298 Olyntho
908 2173 1074 2243 disiuncta
1089 2181 1209 2268 (Thuc.
1232 2223 1233 2226 =

108 2338 109 2342 ,
162 2280 190 2362 Ι,
212 2281 270 2371 63)
293 2298 326 2347 et
347 2282 384 2347 in
406 2277 557 2346 Pallenes
581 2279 706 2348 Isthmo
739 2280 819 2362 sita,
840 2281 993 2372 primum
1014 2280 1209 2352 Corinthio-

108 2421 109 2424 *
161 2408 241 2454 rum
271 2371 338 2455 fuit
366 2383 514 2467 colonia,
555 2383 680 2452 deinde
712 2385 774 2450 sub
815 2402 966 2477 tempora
994 2386 1207 2480 Peloponne-

38 2556 41 2562 Δ
160 2490 241 2562 siaci
268 2488 352 2559 belli
373 2489 634 2557 Atheniensium
662 2477 826 2575 σύμμαχος
851 2487 1003 2576 incestale
1031 2491 1156 2582 (Thnc.
1176 2494 1203 2575 Ι,

139 2592 243 2685 '56);‚
258 2594 493 2669 exardescente
514 2593 602 2662 hello
624 2593 770 2660 deficere
793 2593 835 2657 ab
847 2594 1109 2661 Atheniensibus
1132 2615 1204 2664 ten·

125 2788 126 2797 ¹
158 2699 240 2768 tavit
262 2699 383 2787 (Thuc.
407 2699 440 2779 I,
465 2698 538 2788 59),
561 2695 622 2762 sed
643 2720 731 2764 anno
754 2695 837 2762 belli
863 2697 1030 2780 secundo,
1062 2699 1199 2795 Olymp.

106 2848 108 2857 ,
142 2801 372 2882 «LXXXVII,
404 2802 424 2870 3
456 2817 619 2893 occupata
646 2823 748 2867 novos
776 2799 1035 2871 Atheniensium
1065 2803 1199 2874 colonos

95 2971 99 2986 ¹
156 2906 295 3007 accepit.
340 2905 449 2981 Thuc.
473 2906 521 2987 ΙΙ,
553 2929 604 2995 7⁰·
649 2903 800 2976 Exeunte
828 2904 934 2973 bello‘
951 2907 1074 2973 iterum
1102 2912 1200 2976 amis-

155 3033 243 3092 sam,
279 3011 400 3085 Concu
429 3036 510 3082 cum
536 3007 655 3109 Pydna
684 3008 911 3102 Methoneque
938 3009 1200 3082 Atheniensibus

87 3172 89 3183 .
152 3116 308 3190 restituit.
329 3116 524 3190 Dinarch(
513 3140 551 3189 ιιι
566 3115 663 3188 Dem.
685 3139 721 3213 p.
748 3137 798 3185 11.
822 3112 958 3213 Olymp
975 3139 1054 3199 vero
1073 3115 1199 3200 XCIX,

111 3277 116 3292 ,
152 3221 193 3316 Ιχ,
216 3216 403 3312 Olynthus
432 3222 527 3287 cuius
548 3203 654 3294 latum
675 3217 761 3294 his
752 3242 799 3286 ιιι
816 3219 1064 3316 regionibus
1036 3235 1106 3284 erat
1134 3221 1200 3287 im-

108 3343 109 3346 ’
150 3325 295 3416 perium,
317 3324 511 3404 Potidaeam
533 3347 669 3427 quoque
689 3320 860 3416 possidere
893 3322 1017 3392 dicitur
1040 3303 1198 3418 Xenoph.

149 3425 284 3503 Hellen.
318 3427 367 3511 V,
399 3453 437 3511 a,
477 3431 526 3496 15.
497 3425 654 3499 ssed
690 3425 748 3499 Ol.
782 3425 935 3509 CIV,r
974 3427 1197 3496 Athenienses

47 3525 49 3531 ³
81 3510 82 3515 η
110 3580 112 3586 ·
150 3557 224 3609 Qum
245 3530 346 3607 Simul
368 3555 447 3606 cum
468 3535 603 3607 Torone
624 3531 802 3606 Timotheo
832 3530 919 3604 duce.
940 3551 1196 3626 recuperarunt.

235 3909 279 3955 ιιι
310 3886 425 3968 saepius
451 3906 467 3950 ι
496 3882 707 3952 Macedonibus
736 3883 774 3950 ad
807 3884 995 3949 Athenienses
1015 3864 1191 3967 deficiebat.

235 3977 413 4057 Occupataur
428 3995 447 4034 a
466 3971 588 4031 Conone
609 3971 767 4039 secuudum
779 3973 914 4039 Dinarch.
936 3973 966 4042 iu
987 3973 1137 4035 Demosth.
1159 3997 1192 4058 p.
1261 4043 1264 4051 ¹

237 4084 289 4149 tt,
307 4077 378 4131 tunc.
399 4080 521 4144 quoque
543 4059 730 4146 Athenienses
751 4059 947 4144 possidebant.
