2594 4672
498 264 656 371 ..y-7...

54 433 234 516 rationem,
267 456 368 524 quam
390 454 476 526 quae
498 457 516 498 a
539 430 686 524 Tayloro
714 446 783 500 not.
811 431 853 496 ad
875 455 922 501 or.
958 431 1000 498 de
1031 458 1097 512 cor.

10 564 11 568 ¹
54 563 91 632 p.
115 540 177 608 235
201 554 324 615 tentata
347 537 483 618 iamest,
506 560 709 628 quamquam
730 537 772 602 ab
795 537 868 602 aliis
884 537 1013 628 saepius
1035 561 1098 602 nec

56 641 226 739 immerito
250 638 373 707 deinde
396 640 537 734 explosa.
582 640 701 730 Atque
724 637 761 706 id
783 638 920 734 Taylori
950 640 1099 732 primum
1166 649 1167 653 ’

56 747 279 815 certissimum
302 743 433 813 videtur
455 766 534 824 esse,
556 767 620 809 nec
643 767 737 824 casu,
770 752 848 810 nec'
863 743 1099 836 exemplarium
1148 777 1152 784 ·

55 851 157 932 vitiis,
170 848 238 916 ‘sed
261 847 401 916 consilio
423 847 548 915 factum
562 871 642 926 esse,
664 864 703 914 ut
724 865 792 915 tam
807 846 999 939 ‹Escrepans
1017 866 1101 915 tem-

56 976 181 1047 porum
213 950 374 1020 dissensio
406 951 445 1018 in
475 949 597 1018 tabulis
628 952 700 1017 istis
741 953 912 1018 exstiterit
964 953 1100 1018 Praeter
1156 1036 1159 1041 Ι

56 1079 189 1125 menses
212 1057 303 1121 enim
325 1053 458 1122 dierum
479 1056 581 1122 etiam
602 1058 735 1123 numeri
757 1055 798 1121 ab
820 1057 860 1122 iis
881 1079 1018 1147 prorsus
1042 1057 1100 1121 ab-

55 1162 212 1240 horrent,
254 1151 314 1249 ‹jui
345 1166 416 1251 'pro
449 1156 508 1225 illa
548 1157 711 1226 sactorum
748 1160 878 1226 ratione
916 1161 1100 1250 consignati

58 1287 130 1338 esse
158 1261 329 1330 deberent.
385 1261 473 1330 Nam
505 1261 739 1330 Demosthenis
773 1261 945 1330 decretum
977 1264 1102 1355 Muny-

59 1365 189 1434 chionis
213 1366 263 1432 III
287 1363 392 1431 latum
413 1381 472 1447 est,
495 1364 723 1448 Callisthenis,
746 1368 898 1434 extremis
918 1366 1110 1459 Sciropho·

57 1471 165 1537 rionis
203 1468 332 1535 diebus.
393 1469 549 1554 Quonam
584 1471 685 1560 igitur
722 1494 799 1536 casu
831 1469 1100 1562 depravationem

58 1574 375 1643 tantam'exstitisse
404 1572 606 1642 conieceris?
644 1575 757 1664 Pergit
778 1573 942 1665 Taylorus
964 1574 1002 1639 in
1034 1571 1102 1638 dis-

59 1678 308 1772 crepantiarum
329 1677 450 1744 harum
472 1675 689 1768 explicatione
706 1677 771 1744 hoc
792 1675 908 1745 modo:
932 1693 1102 1769 comparat

60 1800 221 1874 utrosque
243 1804 356 1849 secum
379 1779 532 1863 calculos,
563 1797 662 1873 atque
684 1779 765 1847 inde
787 1778 969 1861 contendit,
991 1797 1099 1872 poste·

57 1888 184 1959 rior-em
204 1885 346 1952 feliciter
374 1886 452 1953 satis
481 1903 515 1953 et
536 1882 685 1954 consulto
720 1906 789 1951 esse
811 1883 1028 1965 subductum,
1054 1884 1102 1950 ita
1200 1940 1210 1955 ,

58 2008 99 2059 ut
119 1991 228 2057 simile
249 2014 357 2083 paene
379 1989 539 2081 temporis
561 1990 706 2080 spatium
726 1990 912 2056 intercedat
932 1990 1021 2056 inter
1042 1985 1101 2054 de-

61 2112 190 2163 cretum
211 2092 254 2159 de
277 2093 518 2164 constituendis
539 2090 653 2186 legatis
676 2109 710 2160 et
730 2091 817 2161 illud
840 2091 883 2160 de
897 2089 1019 2186 vigiliis
1040 2091 1101 2157 ha-

59 2195 192 2278 bendis,
216 2196 315 2288 quale
337 2196 424 2263 iuxta
445 2197 620 2265 historiam
641 2197 851 2264 intercedere
869 2220 1007 2263 necesse
1027 2195 1102 2263 sue-

61 2302 125 2380 rit,
156 2291 402 2390 quemcumque
419 2290 596 2364 “calculum
617 2300 750 2380 inieris,
779 2301 801 2365 i.
817 2383 818 2387 Ἰ
832 2324 860 2366 e.
894 2302 962 2367 sive
984 2299 1018 2368 id
1044 2299 1101 2367 fiat

62 2405 153 2479 iuxta
181 2426 272 2489 eum,
303 2424 404 2491 quern
432 2425 468 2466 ex
499 2420 667 2468 oratorum
696 2402 802 2469 verbis
829 2401 997 2484 elicimus,
1030 2427 1099 2484 seu,

62 2530 172 2599 quem
188 2505 400 2573 decretorum
429 2509 529 2572 verlta
558 2523 818 2596 repraesentant.
848 2507 911 2582 „In
933 2509 1126 2599 superiori·

13 2676 16 2683 ,
62 2610 154 2677 enim
176 2606 303 2677 calculo
327 2609 508 2678 excitantur
528 2608 627 2704 legati
651 2608 694 2675 ad
715 2607 997 2702 proficiscendum
1022 2611 1101 2678 Mu-

59 2714 240 2809 nychionis¹
251 2713 308 2781 die
320 2713 382 2781 ΙΙΙ.
415 2712 688 2795 Proficiscuntur,
710 2716 882 2806 spatioque
896 2717 983 2782 ultra
993 2715 1100 2781 bime-

60 2821 122 2886 stri
144 2821 182 2886 in
204 2819 325 2885 itinere
348 2819 436 2898 trito,
460 2816 720 2910 Scir-ephonone
742 2840 855 2887 mense
872 2819 1023 2889 Athenas
1045 2821 1100 2885 re-'
1147 2851 1150 2854 ·

60 2920 173 3005 deunt.
217 2923 262 2992 Et
283 2920 397 3016 paullo
419 2939 496 3014 post
517 2915 630 2990 eorum
653 2921 798 2989 reditum
820 2942 974 3001 narratur
994 2923 1100 2990 Athe·

59 3029 113 3102 nis
151 3025 261 3095 clades
300 3026 541 3114 Phocensium,
586 3049 709 3118 nempe
742 3026 1013 3118 Scirophorionis
1045 3025 1099 3092 die

60 3131 206 3199 XXVII.
236 3202 255 3228 ,s
280 3130 380 3216 Quod
406 3128 638 3215 intervallum
681 3154 751 3198 esse
778 3130 925 3207 'dierum
967 3131 1100 3198 circiter

58 3235 252 3303 LXXXIII.
309 3236 393 3305 Iam¹
409 3251 520 3302 autem
552 3234 581 3305 si
610 3234 696 3300 iuxta
728 3233 872 3303 alterum
893 3252 1097 3327 ,computum

55 3363 223 3421 numeres,
246 3337 316 3406 scil.
338 3338 380 3406 ah
402 3337 698 3428 Hecatombaeonis
720 3335 776 3405 die
798 3330 918 3407 ultimo
941 3338 985 3406 ad
1004 3341 1116 3409 Mae>

55 3434 270 3513 macterionis
293 3441 383 3511 diem
404 3443 506 3522 XXI,
538 3435 609 3508 dies
635 3441 758 3512 iterum
781 3467 854 3515 esse,
871 3443 1019 3536 LXXX,
1048 3442 1098 3513 le·
1182 3532 1190 3539 p

53 3548 206 3629 vissima,
221 3545 282 3615 ‘vel
303 3547 419 3639 potius
443 3544 537 3613 nulla
559 3543 757 3617 differentia.
801 3549 971 3642 Utrinque
993 3551 1098 3641 igitur

53 3652 240 3720 accuratius
263 3651 442 3719 convenire
462 3651 608 3717 rationes
624 3652 782 3744 opinatur
787 3651 975 3745 .;Taylorus,
997 3678 1098 3744 quam

53 3759 92 3823 in
114 3754 177 3823 tali
196 3777 233 3820 re
254 3753 302 3822 saa
325 3772 396 3822 erat
417 3772 614 3848 exspectare.
659 3754 701 3821 ld
713 3755 824 3849 igitur
846 3781 953 3849 quum
974 3773 1097 3838 teneat,

54 3856 163 3927 simile
192 3858 263 3926 fere
293 3846 426 3926 dierum
453 3859 599 3953 spatium
628 3881 665 3926 ex
695 3874 839 3952 utroque
864 3860 994 3929 calculo
1013 3883 1096 3952 pro-

53 3962 136 4048 dire,
159 3961 254 4059 illam
269 3963 438 4028 mensium
454 3960 714 4055 discrepantiam
736 3961 899 4033 fastorum
912 3962 1096 4032 mutatione

52 4062 211 4162 explicari
241 4089 339 4162 posse
366 4083 488 4136 censet.
540 4067 633 4160 Fieri
664 4069 755 4137 enim
777 4069 942 4162 putuisse,
975 4069 1035 4154 ait,
1058 4087 1097 4139 ut
