2594 4672
500 216 658 379 ..n

60 439 329 523 enim-Charete
355 440 498 522 reiecto,
521 448 650 507 'summu
671 438 797 509 laetitia
818 441 1024 533 'a'liyaantiis
1045 461 1101 512 oxi

61 562 205 639 ceptum¹
218 565 288 613 esse
308 539 506 612 Plutarchus
527 559 642 611 narrat
662 541 688 610 i.
709 568 738 612 e.

58 794 91 861 9.
135 762 285 869 puppii
304 767 506 859 Χιῤῥὸιησος
527 773 702 856 ἐπορθεῖτο.
746 761 781 864 Ρ
811 769 1101 850 manumittens

104 873 244 952 ἅπαντας
265 875 440 957 ἀπέστειλα,
463 876 551 941 καθ’
560 874 614 951 οὓς
635 873 895 964 Χεῤῥόιησος
921 875 1027 962 ἐσώθη
1049 878 1100 943 uui
1127 951 1129 954 y
1188 918 1195 923 -
1236 888 1239 893 '

103 977 285 1105 Βυζάντιοι.
329 996 365 1071 Ρ.
388 979 466 1048 ι56.
484 977 1000 1068 ψήφισμαΧεῤῥοιηιιτῶι.

428 1081 644 1137 οιμιμιιιι
657 1082 735 1131 cx..2

89 1168 274 1238 ..Urbes
282 1166 539 1248 Chersonenses,
561 1192 580 1232 a
603 1168 725 1259 quibus
747 1166 920 1235 decretum
941 1169 984 1234 de
1007 1191 1101 1237 eoro-

43 1250 175 1340 *nendo
205 1269 463 1338 Atheniensium
491 1285 605 1337 senatu
625 1268 824 1365 populoque
844 1278 1028 1340 reservatae
1050 1298 1102 1339 sa

62 1376 143 1444 lutis
163 1372 393 1468 libertatisque
420 1375 525 1467 gratia
555 1373 663 1440 latum
695 1392 745 1442 est
772 1374 827 1458 (de
858 1399 926 1448 cor.
953 1401 990 1467 p.
1013 1379 1099 1496 siti),

63 1481 196 1561 Sestus,
218 1475 333 1560 Eleus:
352 1478 525 1571 Madytus,
542 1474 824 1570 Alopeconnesus,
846 1480 928 1546 sitae
949 1496 1044 1563 erant
1063 1481 1102 1568 in

64 1585 276 1652 Chersoneso.
302 1580 463 1664 Thracia,
496 1605 597 1674 quam
627 1603 667 1648 eo
699 1597 854 1674 tempore
875 1583 1126 1665 Athenienses

62 1684 464 1783 possidebantquidem,
496 1683 556 1753 sed
582 1685 752 1753 continuis
780 1683 932 1779 Philippi
961 1686 1103 1778 impres·

63 1793 214 1861 sionibus
251 1788 550 1882 moliminibusque
585 1806 746 1858 tentatam
775 1813 852 1858 uum
880 1806 998 1871 antea,
1030 1807 1105 1857 tum

62 1898 219 1977 maxime,
252 1895 312 1962 ubi
346 1894 525 1961 Thraciam
560 1894 820 2013 Byzantiamque
855 1891 1105 2014 expeditionem

63 2000 262 2092 Philippus
271 2016 470 2119 susceperat
520 1997 650 2065 Eadem
679 1998 772 2064 enim
802 1998 875 2089 ipsa
904 1999 1105 2091 opportuni-

63 2122 140 2172 tate
154 2104 361 2171 Chersoneso
384 2104 482 2168 etiam
494 2098 721 2194 Philippum
711 2102 1119 2195 rutenussepericulum,

63 2207 143 2276 satis
164 2209 238 2298 ipsc
259 2205 506 2273 Demosthenes
530 2204 628 2293 docet
654 2229 701 2272 or.
725 2203 767 2270 de
793 2228 860 2273 cor.
887 2204 924 2272 lt
947 2229 995 2274 cc.
1039 2206 1105 2273 lies

64 2332 154 2390 vero,
184 2326 222 2376 ut
243 2306 365 2377 clarius
394 2308 540 2401 perspici
554 2344 558 2349 -
573 2311 697 2400 possit,
719 2305 838 2415 altius
833 2318 1016 2400 repetetur
1043 2333 1106 2378 ne·

65 2437 156 2482 nesse
171 2426 257 2481 est
415 2485 416 2488 ,
601 2472 604 2479 .

51 2509 54 2523 '
154 2517 379 2586 Chersonesus
408 2469 551 2584 Thracia
581 2523 658 2586 cum
686 2518 730 2586 ob
758 2520 860 2588 situm
884 2517 1106 2642 Hellesponto
1192 2534 1195 2541 '

63 2622 231 2703 uicinum,
261 2641 295 2690 et
324 2640 559 2743 opportunam
571 2625 613 2689 in
634 2625 742 2691 Ponto
763 2624 895 2693 Euxino
916 2627 1117 2746 navigatio:

64 2749 162 2808 nem,
177 2740 251 2792 tum
259 2726 355 2822 ob.
351 2745 497 2795 rumenti
485 2725 748 2797 abunduntiam
759 2730 911 2821 pristinis
934 2731 1002 2797 iam
1023 2746 1108 2798 tem·

63 2831 203 2922 poribus
238 2849 314 2924 post
346 2830 495 2900 Milesios
525 2831 745 2899 Athenienses
779 2834 825 2899 ita
865 2832 1039 2916 allexerat,
1058 2847 1109 2900 ut
1201 2878 1204 2883 <

65 2950 171 3002 aetate
193 2936 259 3001 iam
281 2935 444 3001 Pisistrati
466 2963 484 3002 a
507 2933 675 3018 Miltiade,
699 2935 838 3029 Cypseli
860 2934 942 3018 filio,
965 2958 1108 3029 occupa

65 3056 135 3106 tam
157 3037 296 3129 (Herod.
320 3039 381 3141 VI,
405 3038 448 3126 34
469 3043 536 3133 sq.)
556 3065 620 3133 per
642 3042 748 3108 varios
771 3038 895 3107 deinde
918 3058 1109 3137 temporum

55 3167 160 3229 xcasus
183 3133 352 3227 amissam,
382 3167 441 3210 seu
467 3143 505 3211 in
528 3142 708 3228 discrimen
730 3160 895 3222 vocatam,
918 3142 1110 3213 dimiserint

65 3271 251 3340 nunquam.
295 3245 413 3313 Belli
403 3248 506 3338 igitur
522 3247 798 3339 Peloponnesiaci
821 3247 979 3319 fluctibus
1002 3273 1109 3343 quum

66 3368 176 3420 essent
197 3350 239 3417 ab
259 3349 323 3421 hoc
345 3373 486 3445 quoque
510 3347 710 3447 gravissimo
728 3349 935 3445 possessione
966 3350 1108 3445 depulsi,
1189 3415 1191 3419 ,

63 3456 228 3527 restituta-⁴
233 3460 314 3555 inor·
334 3453 490 3522 Ιῖιιιιιιιι
520 3471 554 3520 et
575 3452 806 3524 dominatione
829 3460 963 3524 omnem
984 3454 1111 3524 dabant

65 3561 216 3656 operam,
237 3577 275 3628 ut
297 3550 370 3643 eam
391 3557 465 3647 sibi
480 3538 592 3628 dendo
606 3548 826 3630 iindicarent
872 3559 913 3628 Id
930 3561 1109 3655 quominus
1196 3639 1201 3663 ,

64 3656 285 3759 perlicerent,
325 3636 500 3730 obstabant
535 3679 608 3745 tum
642 3662 789 3733 Thraces
824 3688 844 3733 e
885 3655 1111 3759 septentrione
1215 3663 1218 3667 ’

68 3767 269 3837 Chersonesi
290 3765 492 3851 habitantes,
520 3770 673 3865 quinon
700 3768 842 3839 solum
831 3795 869 3837 ιιι
892 3768 1110 3868 Chersoneso,
1164 3826 1171 3851 ,

66 3897 185 3942 verum
197 3871 300 3937 etism
302 3869 594 3965 perPropontidis
610 3894 704 3940 oram
721 3874 903 3994 imperium
916 3880 1014 3940 suum
1027 3870 1113 3939 dila·
1175 3914 1179 3929 ·
1206 3940 1209 3947 ,

42 3998 45 4003 ·
67 3995 139 4047 tare
160 3955 417 4059 contendebant.
461 3973 744 4073 Confligendum
734 3979 844 4071 igitur
858 3977 1010 4070 Ριοιίιιιο
1034 3991 1112 4044 ente

67 4097 209 4183 aetutem
229 4076 456 4211 Philippicsm
478 4094 629 4175 ternpore
655 4080 927 4225 Atheniensibus.
932 4096 1021 4155 sust:
1030 4100 1105 4179 ιιι
