2580 4680
613 291 678 363 237

127 461 255 530 hibitus
285 458 413 553 aliquot
443 458 578 528 demum
610 459 779 528 mensibus
811 474 887 552 post
921 457 1094 528 Graeciam
1125 485 1165 530 re
1260 441 1265 451 ’

124 588 204 635 vcra
226 563 426 657 ingreditur.
472 562 572 648 Quod
593 589 699 657 quum
721 587 835 632 omnes
856 563 1032 656 scriptores
1048 568 1165 634 adver·

125 694 183 738 sus
204 669 425 737 Athenienses
453 685 563 734 actum
592 692 662 735 esse
694 668 897 734 unanimiter
918 687 1088 751 censeant,
1115 669 1165 736 sa-

126 773 194 841 cile
217 796 299 840 sane
321 772 396 839 fieri
418 773 537 863 potuit,
559 788 597 839 ut
617 772 847 839 brevissimum
868 770 955 838 illud
975 774 1066 864 pacis
1088 797 1165 866 spa·

127 879 213 945 tium
236 894 270 944 et
289 875 359 943 fere
381 873 513 943 nullum
535 875 575 941 ab
598 876 639 942 iis
661 899 796 969 prorsus
813 874 1004 968 neglectum
1025 879 1076 944 sit.
1122 877 1165 945 Id

127 979 222 1075 quod
250 981 314 1073 ipsi
342 983 409 1047 iam
439 979 640 1046 Philochoro
669 978 806 1060 accidit,
841 1004 957 1072 quem,
985 1000 1163 1076 postquam

125 1109 246 1179 pacem
260 1084 417 1153 archonte
441 1083 672 1175 Theophrasto
691 1080 883 1150 solemniter
901 1083 1071 1151 discissam
1085 1112 1164 1152 nar-

127 1207 240 1270 rasset,
263 1193 323 1255 sub
347 1186 505 1254 archonte
527 1185 759 1278 Lysimachide
786 1186 936 1280 (Olymp.
961 1189 1041 1273 CX,
1071 1198 1104 1274 a)
1126 1215 1164 1258 ea

127 1316 296 1386 exponere
318 1291 499 1382 Dionysius
527 1291 569 1355 H.
591 1289 694 1356 refert
714 1287 751 1378 (l.
773 1313 801 1357 c.
824 1293 854 1380 §.
880 1301 949 1375 ιι),
973 1295 1163 1383 quaefacta

126 1398 194 1465 sint
212 1396 293 1481 μετὰ
313 1396 371 1482 τὴν
391 1395 478 1462 λύσιν
499 1400 556 1479 τῆς
592 1393 730 1479 εἰρήνης,
764 1416 801 1459 ac
827 1393 855 1458 si
883 1392 977 1460 nulla
997 1397 1087 1486 pacis
1109 1423 1164 1466 re·

126 1502 254 1569 stitutio
282 1500 526 1566 intercessisset.
581 1499 696 1588 anue
728 1496 908 1588 Dionysius
947 1521 1017 1565 non
1051 1503 1164 1569 omnia

128 1603 266 1695 quidem
293 1604 482 1694 exscripsit,
515 1598 574 1668 sed
601 1602 784 1667 necessaria
819 1599 1026 1669 solummodo
1063 1605 1161 1673 haec:

128 1710 349 1792 Λυσιμαχίδης
368 1706 543 1794 Ἀχαρνείς.
578 1707 627 1772 lut
653 1703 765 1779 τούτου
793 1704 832 1770 τὰ
858 1706 916 1788 μὲν
936 1705 1011 1792 ἔργα
1031 1708 1072 1774 τὰ
1093 1713 1163 1798 περὶ

128 1811 202 1887 τοὺς
220 1814 397 1888 νεωςοίκοος
423 1813 473 1876 καὶ
501 1810 559 1895 τὴν
587 1808 781 1894 σκευοθήκην
812 1808 999 1891 ἀνεβάλοντο
1027 1811 1080 1878 dcci
1105 1813 1162 1882 τὸν

128 1913 261 2000 πόλεμον
286 1914 342 1981 τὸν
370 1913 449 2001 πρὸς
479 1917 642 1994 Φίλιππον,
671 1912 713 1978 τὰ
746 1914 780 1979 δὲ
802 1911 938 1999 χρήματ’
964 1917 1160 2005 ἔψηφίσαντο

127 2017 214 2084 πάντ’
235 2015 311 2084 εἶναι
332 2016 552 2102 στρατιωτικά,
575 2017 802 2102 Δημοσθένους
823 2016 1013 2105 γράψαντος.
1058 2021 1159 2106 Haec,

127 2122 285 2213 quoniam
315 2122 465 2212 opinioni
500 2138 630 2187 nostrae
659 2119 701 2186 de
728 2144 811 2212 pace
840 2139 915 2188 ante
948 2121 1100 2217 Philippi
1122 2128 1161 2193 in

127 2223 302 2291 Graeciam
335 2218 588 2315 impressionem
628 2224 830 2314 compositae
860 2224 1068 2316 aliquatenus
1100 2231 1160 2296 ob-

126 2352 196 2394 esse
217 2326 405 2408 videantur,
429 2327 613 2393 accuratius
636 2325 830 2391 excutienda
853 2345 938 2393 sunt.
984 2331 1099 2422 Itaque
1121 2336 1159 2401 in

124 2431 398 2509 his,Philoch0ri
422 2430 532 2496 verbis
554 2427 571 2496 ὅ
594 2429 728 2514 πόλεμος
749 2427 766 2494 ὅ
793 2429 873 2512 πρὸς
896 2433 1060 2511 ,Φίλιππον
1088 2436 1161 2502 bel.

122 2534 196 2602 lum
218 2536 389 2602 manifesto
406 2532 634 2625 Philippicum
655 2530 692 2599 id
715 2550 772 2615 est,
796 2532 887 2624 quod
897 2533 1159 2609 Atheniensibus

123 2641 319 2707 imminebat
353 2663 416 2732 per
445 2637 596 2730 Philippi
629 2639 666 2703 in
700 2637 875 2704 Graeciam
906 2640 1167 2734 impressionem!

125 2744 263 2836 Olymp.
288 2744 367 2824 CX,
397 2766 416 2808 ο
446 2741 525 2809 inde
556 2765 575 2805 a
603 2765 716 2828 mense
740 2739 1015 2834 Elaphebolioue,
1039 2762 1077 2813 ut
1098 2728 1158 2818 do-

123 2866 202 2914 ceot
230 2846 360 2939 reliqua
388 2846 582 2913 Philochori
618 2846 734 2912 verba:
772 2849 927 2913 Φιλίππου
957 2848 992 2913 δὲ
1020 2859 1159 2920 notato·

122 2953 236 3034 βόντος
261 2951 416 3017 Ἐλάτειαν
447 2952 496 3016 καὶ
526 2951 689 3029 Κυτίνιον,
721 2952 771 3015 καὶ
801 2951 946 3035 πρέσβεις
974 2952 1158 3034 πέμψαντος
1267 2998 1270 3005 .

124 3056 167 3132 εἷς
192 3055 364 3140 Θήβας-
380 3055 558 3140 Ἀθηναίων
579 3054 613 3118 δὲ
640 3053 720 3119 κατὰ
746 3052 803 3118 τὸν
831 3053 927 3118 αὐτὸν
944 3055 1060 3140 χρόνον
1080 3060 1158 3145 πρέ.

124 3166 209 3241 σβεις
237 3158 482 3225 ἀποστειλάντων
508 3156 582 3233 τοὺς
613 3159 681 3244 περὶ
716 3157 921 3240 Δημοσθένη,
955 3194 999 3208 -
1035 3160 1157 3240 τούτοις

123 3273 296 3346 συμμαχεῖν
308 3264 502 3350 ἐψηφίσαντο
521 3260 566 3350 [οἱ
583 3258 744 3348 Θηβαῖοι]
791 3257 903 3325 Elatea
921 3277 1018 3352 capta
1032 3280 1081 3329 est
1093 3267 1156 3333 sub
1227 3261 1231 3268 ’

124 3365 274 3433 medium
286 3363 581 3456 Scirophoriouem
596 3361 733 3455 Olymp.
751 3361 822 3442 CX,
837 3386 867 3428 a.
899 3363 1081 3434 Decretum
1093 3370 1159 3461 igi.

123 3488 178 3536 tur
199 3469 433 3537 Demosthenis
462 3467 549 3535 illud
577 3464 682 3534 latum
710 3484 759 3533 est
788 3490 900 3533 mense
930 3466 1157 3561 Thargeliono

122 3571 231 3638 adhoc
253 3592 403 3653 exeunte,
426 3597 496 3667 quo
519 3573 620 3638 etiam
651 3570 821 3636 decretum
844 3571 1082 3643 Demosthenes
1105 3593 1158 3643 tu·

119 3673 161 3742 lit
182 3673 224 3741 dc
246 3675 397 3743 meandis
418 3677 592 3744 moenium
613 3673 820 3741 curatoribus
843 3674 886 3763 (r.
909 3697 981 3768 cap.
1004 3687 1077 3770 sq.),
1100 3697 1157 3750 aut

121 3779 235 3872 aliquo
258 3798 334 3847 ante
356 3799 517 3873 tempore,
540 3801 662 3871 nempe
683 3780 772 3844 inter
793 3776 958 3859 inducias,
987 3784 1157 3872 quaesibi

120 3908 139 3950 a
160 3882 320 3977 Philippo
343 3883 563 3951 Athenienses
587 3882 794 3976 expetierunt
808 3880 1072 3975 Elaphebolione
1085 3889 1158 3979 pri-

118 4011 214 4054 mum
244 3988 357 4068 XXV,
392 4005 461 4054 tum
494 3989 616 4054 iterum
639 3985 877 4078 Munychionis
899 3983 1024 4054 ultim.
1068 3991 1099 4055 Τ
1100 4014 1159 4060 um

117 4090 225 4184 igitur
252 4089 343 4163 bello
368 4092 568 4161 imminente
594 4091 742 4160 metui
769 4089 1009 4162 Demosthenes
1042 4089 1158 4164 decre·
