2594 4672
565 213 721 348 Q

124 415 195 484 Sed
217 439 283 505 qua
306 431 408 480 aetate
430 415 518 480 liber
540 411 697 480 collectus
720 429 785 492 est,
806 410 998 478 loculorum
1019 411 1161 479 schedu-

123 520 177 587 lae
198 517 249 587 vel
270 515 409 584 tabellae
439 540 518 583 cum
544 516 712 587 archontis'
739 518 897 608 eponymi
920 517 1056 581 nomine
1079 514 1162 582 olim

125 624 237 691 affixae
258 622 465 702 interierint,
492 636 531 686 ut
559 644 626 712 quo
655 608 825 687 archonte·
846 619 1017 685 decretum
1039 642 1163 684 unum-

125 727 285 820 quodque
306 725 412 790 latum
435 740 528 802 esset,
556 725 630 788 iam·
646 745 715 788 non
730 722 877 812 perspici
891 737 1012 809 posset,
1035 722 1162 810 quippe

126 832 243 921 quiin
272 827 404 893 decreto
433 842 564 893 notatus
596 847 666 891 non
694 823 836 906 fuerit*).
887 821 1023 911 Itaque,
1058 846 1162 912 quum
1229 848 1231 853 ·
1263 827 1264 831 ’

124 933 263 999 omissus
287 945 370 996 esset
392 928 528 1008 archon,
549 929 661 1017 potuit
682 925 789 1014 scriba
802 926 882 991 actis
897 927 1060 1016 cuiusque
1080 948 1163 1017 pry-

123 1035 229 1102 tauiae
254 1032 421 1123 praefixus
446 1053 640 1121 eponymus
670 1030 790 1110 videri,
812 1030 840 1094 si
861 1051 931 1095 non
952 1025 1015 1109 illi,
1038 1031 1099 1118 qui
1120 1028 1163 1094 li·
1210 1023 1212 1027 ⁷

122 1140 222 1204 brom
245 1135 387 1224 collegit,
409 1150 497 1199 certe
519 1135 698 1200 recentiori
721 1131 829 1212 docto,
853 1134 911 1223 qui
933 1129 990 1198 illo
1013 1149 1163 1199 uteretur

97 1266 100 1275 ’
123 1238 224 1321 libro,
248 1263 287 1304 ex
309 1238 389 1302 actis
412 1236 570 1302 tabularii
592 1236 759 1316 confecto,
787 1253 824 1301 ut
845 1236 872 1300 is
895 1235 931 1300 iu
952 1235 1163 1304 decretorum

124 1342 585 1435 singulorumpraescriptis,
616 1364 700 1432 quae
728 1338 786 1404 ille
817 1364 856 1404 ex
884 1338 1027 1415 rubricis
1043 1341 1162 1431 siugu-

125 1443 234 1510 larum
258 1443 462 1512 collectionis
483 1446 630 1536 partium
648 1443 803 1536 supplere
816 1444 933 1532 utique
956 1439 1161 1534 debebat**),
1247 1522 1249 1529 Α

127 1624 436 1642 w

169 1761 194 1840 *l
214 1763 280 1822 Non
304 1753 378 1822 enim
400 1764 552 1823 verisimile
574 1778 617 1823 est
640 1765 733 1823 omnia
755 1785 797 1837 ea,
811 1784 895 1843 quae
917 1763 945 1820 in
968 1761 1111 1846 lapidum,
1133 1779 1163 1824 et

211 1871 312 1908 eorum
343 1849 479 1931 quidem,
510 1852 561 1932 qui
575 1890 576 1894 ι
590 1849 626 1908 ad
655 1853 746 1931 ipsam
775 1849 1014 1913 Demostheneam
1042 1864 1162 1910 aetatem

209 1937 370 2016 pertineant
392 1937 452 2018 (ap.
474 1937 600 2000 boeclh.
630 1937 720 2019 Corp
749 1935 836 1996 Inscr
859 1936 892 1994 P.
915 1935 960 1995 ll.
990 1936 1077 1997 Inscr.
1099 1939 1160 1997 Att.

212 2022 257 2081 Cl.
280 2023 301 2080 l.
324 2021 392 2082 inde
415 2044 431 2081 a
452 2045 495 2082 nr.
520 2018 585 2106 90),
607 2024 742 2106 leguntur
763 2023 981 2125 praescriptis,
979 2045 1012 2082 ea
1034 2023 1101 2083 ab
1092 2026 1162 2105 ipsis

178 2106 180 2110 ’
209 2109 391 2208 rqgatoribus
415 2130 477 2168 esse
500 2109 625 2169 decretis
655 2113 839 2192 praescripta.
884 2110 916 2168 ln
944 2109 1059 2186 illorum
1086 2111 1161 2170 enim

209 2196 253 2268 iis,
276 2197 328 2275 qui
349 2195 512 2275 plenissima
533 2195 624 2253 forma
646 2211 808 2271 servantur,
834 2199 1028 2295 praescriptus
1050 2212 1093 2259 est
1114 2218 1161 2257 ar-

211 2282 301 2341 chon
318 2303 404 2380 epop.
444 2295 472 2339 et
494 2275 593 2362 φυλὴ
590 2275 831 2361 πρυτανεύουσοι
858 2283 979 2380 eiusque
1006 2284 1099 2342 scriba
1132 2301 1180 2343 et¹

212 2367 273 2426 (lies
302 2368 405 2455 mensis
435 2368 518 2426 simul
548 2383 576 2425 et
605 2369 752 2448 prytauiae
781 2380 810 2425 et
832 2368 933 2424 concio
957 2369 1053 2470 qualis
1073 2369 1161 2429 fuerit

148 2464 151 2469 '
210 2451 312 2536 (κυρία
333 2451 367 2513 an
390 2446 578 2554 σύγκλητος),
600 2453 728 2535 denique
750 2444 931 2534 proedrus
916 2473 933 2511 o
956 2447 1159 2535 ἐπιψηφίσας,

211 2543 295 2623 isque
325 2531 370 2599 eb
391 2540 438 2606 01.
468 2541 579 2599 circiter
601 2539 672 2599 CXI
703 2561 767 2599 cum
787 2537 1005 2620 symproetlris.
1060 2541 1161 2623 Atque

169 2629 175 2691 J
209 2628 280 2687 haec
307 2627 368 2686 fere
400 2629 491 2686 omnio
523 2626 639 2687 decreto
669 2648 790 2708 quoque
816 2627 848 2684 in
875 2627 1014 2686 honorem
1035 2627 1161 2708 Zenonis
1230 2621 1234 2630 ’

211 2714 328 2773 condito
365 2714 539 2797 praescripta
576 2714 711 2796 leguntur
746 2735 792 2795 ap.
824 2713 912 2796 Diog.
945 2714 980 2773 L
1012 2713 1078 2774 Vll.
1112 2733 1161 2792 ιο,

212 2802 325 2883 quippe
348 2798 538 2883 quodetiam
560 2823 594 2860 ex
616 2799 712 2882 lapide
739 2799 887 2868 manifesto
917 2800 1130 2889 descriptum
1115 2802 1160 2861 sit.

212 2891 239 2946 A
268 2902 402 2968 rogatore
430 2887 604 2988 plerumque
634 2885 760 2947 nonnisi
773 2888 926 2968 proprium
952 2909 1057 2947 nomen
1084 2890 1160 2947 veri-

212 2975 302 3032 simile
330 2989 374 3032 cst
402 2972 519 3033 decreto
548 2976 606 3033 sive
611 2975 843 3077 praescriptum
866 2994 936 3048 esse,
959 2988 999 3031 ut
1020 2971 1161 3046 Kettos

216 3051 444 3141 Φρεάρριος
414 3080 492 3134 atne,
527 3055 705 3139 πρυτάνεων
734 3051 892 3138 λεγόντων,
916 3059 1032 3140 βουλῆς
1052 3053 1161 3144 γνώμῃ
1236 3112 1238 3116 .
1276 3122 1280 3141 ³

211 3149 240 3204 in
264 3168 299 3204 eo
322 3147 450 3222 decreto,
473 3147 555 3228 quod
578 3170 666 3205 unum
693 3147 721 3203 in
753 3166 794 3203 or.
818 3145 855 3203 (le
877 3165 936 3206 cor.
959 3168 990 3227 p.
1015 3146 1159 3214 265s1ne

213 3235 346 3292 archonte
374 3248 403 3292 et
432 3250 529 3293 mense
562 3233 669 3312 dieque
703 3245 844 3291 servatum
873 3247 931 3308 est,
961 3247 989 3290 et
1016 3232 1046 3290 in
1073 3229 1158 3301 Dem.
1219 3233 1223 3244 ’

213 3343 255 3378 or.
290 3343 314 3378 c.
346 3321 487 3379 Timone:
526 3316 660 3395 Διοκλῆς
693 3308 756 3377 ems
791 3339 823 3399 p.
858 3322 929 3397 713
962 3313 1161 3420 Τιμοκράτης
1190 3314 1192 3320 ’
1258 3376 1262 3382 ,

212 3399 328 3488 εἴπερ.
353 3428 429 3485 720,
452 3407 511 3465 sive
535 3405 747 3486 subscriptum,
758 3403 790 3462 id
812 3404 1033 3486 quodoccurrit
1054 3408 1083 3474 in
1106 3406 1159 3472 de-

212 3510 290 3553 creto
315 3493 493 3551 Callisthenis
522 3491 558 3551 de
593 3512 653 3550 eor.
676 3515 707 3572 p.
732 3494 792 3551 238
817 3507 847 3550 et
868 3493 1072 3579 Aristpnicip.
1097 3485 1158 3555 25'3

213 3597 241 3640 et
263 3583 292 3639 in
315 3568 725 3661 Aristophontisrelationep.
748 3578 821 3637 250.
853 3568 1012 3679 Tempora
1034 3595 1062 3639 et
1085 3604 1159 3663 quae

178 3729 181 3734 ,
234 3683 361 3726 roeterea
390 3667 418 3723 in
449 3665 631 3725 decretorum
658 3665 840 3746 praescriptis
871 3667 1067 3740 inveniuntur,
1090 3670 1160 3726 scri-

212 3692 308 3812 liam
301 3777 330 3811 ro
352 3753 430 3829 actis,
452 3754 480 3811 in
484 3752 612 3834 quibus
634 3753 680 3810 illa
702 3751 925 3833 reponebantur,
948 3769 1068 3829 notasse,
1091 3776 1161 3835 pro·
1210 3816 1212 3820 ,

212 3839 308 3899 babile
332 3854 383 3897 est.

169 3961 203 4038 *‘)
227 3961 355 4020 Consilio
379 3975 455 4018 certe
478 3961 652 4042 praescripta
666 3961 713 4019 illa
734 3960 850 4020 collecta
874 3982 944 4036 esse,
968 3962 1082 4020 orunino
1105 3978 1162 4020 sta·
1209 4018 1211 4022 ,

213 4047 352 4132 tuendum
382 4044 504 4109 ridetur.
549 4048 621 4108 Nam
644 4069 690 4125 ea,
726 4067 800 4141 quae3
822 4049 852 4107 in
873 4047 1001 4131 lapidum
1021 4051 1163 4132 praescri-
