2594 4672
563 253 721 363 Α
771 226 773 234 ,

119 426 297 500 commodo
326 424 504 520 Philippus
529 424 657 493 bellum
683 432 814 493 sacrum
844 438 1081 515 componeret,
1111 414 1167 495 ro·

120 551 246 626 gentes,
268 530 535 612 Lacedaemonii,
558 531 624 623 ipsi
639 529 861 598 Phocensium
883 519 962 597 cum
977 527 1168 599 Athenien·

72 648 75 652 ’
121 639 213 707 sibus
235 637 333 716 socii,
357 633 479 702 'contra
500 634 680 702 Thebanos
702 634 838 722 (Aesch.
861 629 885 699 l.
918 656 946 700 c.
974 657 1008 724 p.
1032 633 1077 718 46
1098 624 1163 719 md,

121 762 160 810 nt
187 744 261 809 iure
293 757 326 807 et
354 741 528 828 aequitate.
578 740 723 832 Ipseque
752 739 937 805 Aeschines
965 760 1103 828 rogasse
1122 726 1163 829 'to

120 865 194 914 tum
224 844 422 935 Philippum
449 859 604 925 testatur,
642 862 680 910 ut
708 842 946 910 Thebanorum
976 838 1165 932 superbient

41 1006 48 1019 ‚
121 967 301 1028 coerceret,
322 946 367 1032 μὴ
389 949 461 1032 μεθ’
484 946 604 1030 ὅπλων,
629 946 709 1014 ἀλλὰ
729 946 944 1036 μετὰψῆφου
966 947 1016 1012 καὶ
1038 947 1168 1033 κρίσεως

120 1051 420 1143 Amphictyonicas
442 1051 555 1119 turbes
578 1067 809 1143 componeret,
832 1050 984 1141 Delphos
1007 1070 1171 1117 convoca·

51 1218 53 1225 ,
85 1206 94 1225 t
122 1174 177 1225 ret
197 1154 472 1246 Amphictyones,
495 1171 529 1221 et
550 1154 714 1247 sacrilegii
737 1172 901 1235 auctores,
924 1177 995 1220 nou
1016 1153 1171 1221 Phocen-

125 1261 212 1327 sium
233 1258 331 1325 urbes
352 1283 471 1353 poena
484 1258 641 1345 afficeret3
665 1255 758 1352 quod
779 1261 805 1327 si
824 1260 917 1326 enim
928 1256 1171 1339 Thebanorum

125 1364 267 1431 iniurias
298 1360 470 1429 adiuturus
493 1379 592 1445 esset,
626 1387 746 1457 parum
767 1365 832 1430 sibi
854 1364 895 1430 ab
919 1364 964 1428 eis
987 1364 1171 1455 gratiarnm

114 1492 195 1535 *esse
218 1465 484 1559 exspectandum.
528 1468 648 1536 Aesch.
671 1467 695 1534 l.
718 1491 747 1533 c.
768 1491 803 1558 p.
826 1467 879 1551 42,
902 1464 945 1550 43
968 1467 1015 1548 in.
1040 1463 1168 1559 Philip·
1191 1550 1194 1555 Α

125 1596 190 1665 pus
222 1594 300 1638 vero
334 1571 502 1638 instructis
535 1573 674 1639 interim
704 1571 808 1662 copiis
830 1571 895 1636 iter
916 1571 1087 1661 ingressus
1107 1586 1164 1652 cst,
1194 1590 1206 1610 ·

72 1684 93 1711 “’
125 1674 362 1744 comitantibus
391 1673 505 1766 legatis
534 1676 807 1753 Atheniensium,
831 1674 972 1766 quibus,
1004 1668 1168 1766 quu'm'in

125 1783 200 1872 ipso
222 1782 288 1846 iam
310 1796 382 1846 erat
401 1780 531 1858 itinere,
554 1797 587 1846 et
599 1778 726 1858 Pheris,
748 1776 937 1844 Thessalica
958 1778 1055 1860 urbe,
1079 1802 1169 1847 com-

88 1910 93 1919 ‘
125 1885 328 1965 morabatur,
352 1901 423 1948 tum
445 1881 581 1948 demum
602 1906 681 1949 cum
703 1883 800 1951 sociis
829 1883 880 1949 ius
910 1881 1093 1949 iurandum
1113 1881 1172 1950 de-

127 1987 179 2055 dit
198 1988 308 2072 (Dem.
330 2016 362 2053 π.
384 2011 524 2074 uapore.
552 2010 587 2078 p.
616 1987 679 2075 390
708 2010 758 2078 sq.
781 1982 822 2052 cs.
845 2011 880 2079 p.
904 1986 969 2076 396
999 2004 1032 2055 et
1052 2003 1173 2078 argmt.

38 2100 41 2107 '
125 2093 160 2159 ll
190 2090 233 2158 ad
265 2092 361 2157 Dem.
385 2114 437 2170 or.
468 2117 501 2156 π.
530 2091 738 2178 παραπρ.)*);
770 2088 909 2157 exclusis
943 2088 1175 2158 Phoiensibus'

129 2212 168 2263 et·
186 2193 414 2285 Gersohlepte,
437 2216 581 2286 quorum
603 2193 679 2261 loeo
703 2193 862 2262 Cardiani
883 2196 921 2260 in
945 2194 1037 2286 pacis
1059 2183 1175 2262 foede-
1206 2182 1213 2249 J

76 2326 79 2333 ·
111 2333 113 2340 s
127 2301 243 2393 risque
264 2299 458 2389 societatem
472 2299 600 2390 recepti
621 2316 700 2367 sunt
712 2298 897 2368 secundum
911 2298 1174 2369 Demosthenem

128 2405 359 2497 haphe
474 2401 477 2411 '
854 2407 856 2411 ’

216 2509 338 2577 Exacto
371 2506 435 2576 hac
468 2510 599 2576 ratione
634 2510 708 2578 iure
739 2507 881 2597 iurando
909 2507 1025 2600 legati,
1067 2526 1169 2602 quum

2 2629 4 2633 “
55 2637 56 2640 ’
130 2613 306 2707 Philippus
328 2614 397 2679 iam
418 2608 462 2679 ad
482 2612 727 2705 Thermopylas
751 2613 864 2697 stabat,
886 2637 969 2714 quas
990 2611 1169 2681 Phalaecus

25 2792 29 2796 .
129 2716 356 2787 Phocensium
376 2714 442 2782 dur
463 2716 627 2800 tuebatur,
648 2733 726 2816 post
746 2718 910 2811 trimestre
931 2716 1000 2784 iere
1013 2717 1168 2812 tempor‘u

173 3034 201 3123 *)
223 3039 315 3100 Aliter
336 3039 367 3099 in
389 3059 432 3099 or.
454 3036 492 3098 de
514 3056 575 3102 cor.
595 3056 627 3120 p.
650 3039 724 3101 236.
767 3040 845 3102 Dato
868 3041 944 3111 enim
964 3041 1028 3100 inre
1049 3030 1178 3100 iurandov

217 3125 374 3187 detinuisse
395 3125 562 3209 Philippum
591 3125 703 3210 legatos
722 3127 935 3188 Demosthenes
964 3125 1034 3187 dicit
1054 3127 1084 3186 in
1107 3127 1173 3185 Ma·

218 3211 354 3290 cedonia,
375 3212 470 3274 donec
491 3212 705 3297 expeditionem
731 3212 867 3293 aduersus
894 3216 1058 3275 Phocenses
1086 3233 1173 3294 prae·

217 3314 355 3444 parasset.
405 3301 537 3361 Fortasse
564 3301 652 3384 igitur
677 3302 707 3361 in
736 3322 779 3361 or.
808 3324 841 3363 π.
871 3320 1010 3386 repono.
1044 3321 1103 3360 non
1134 3297 1175 3359 de

245 3385 348 3467 bilippi
370 3387 433 3448 iure
463 3385 584 3447 iurando
612 3388 820 3450 Demosthenes
842 3385 969 3464 disserit,
992 3386 1044 3448 sed
1065 3386 1104 3446 de
1128 3407 1174 3462 eo,

208 3469 304 3554 ‘quod
325 3492 340 3531 a
362 3473 446 3542 sociis
467 3472 598 3556 Philippi
630 3471 727 3551 datum
757 3488 809 3534 est.
852 3473 888 3532 ld
914 3489 1008 3535 tamen
1033 3487 1099 3533 utut
1122 3486 1174 3549 est,

7 3640 12 3653 Ι
89 3637 91 3642 ¹
219 3579 334 3618 -nam
341 3556 474 3641 ambigue
484 3559 831 3642 loquitunDemdsthenes
841 3560 869 3619 in
881 3583 924 3621 or.
936 3571 968 3622 rr.
980 3580 1121 3642 παραπρ.
1133 3586 1172 3605 -

220 3647 369 3706 comitatos
402 3659 495 3706 tamen
522 3647 632 3729 legatos
661 3644 829 3730 Philippum
857 3649 887 3707 in
914 3649 1088 3708 Thessaliam
1111 3663 1174 3707 esse

220 3732 268 3793 vel
290 3734 351 3815 ipsa
371 3731 501 3814 Philippi
523 3734 644 3815 epistola
666 3732 769 3809 docet,
792 3754 879 3816 quam
899 3736 1017 3811 Pheris,
1047 3733 1175 3794 redeun-

222 3818 301 3894 tibus
321 3818 431 3900 legatis,
452 3819 578 3879 Athenas
599 3819 683 3880 misit.
726 3819 759 3879 ln
781 3841 814 3880 ea
843 3822 920 3882 enim
940 3821 1055 3883 dedisse
1077 3819 1109 3881 se
1131 3822 1175 3879 ins

223 3905 375 3968 iurandum
395 3925 460 3966 oum
482 3906 583 3984 sociis,
605 3908 658 3989 qui
679 3906 849 3985 adfuissent,
877 3907 1044 3982 declaravit3
1072 3908 1177 3969 absen-

163 3997 165 4003 '
221 4007 266 4054 tes
288 4002 356 4053 vero
380 3991 453 4052 velle
475 4013 506 4053 se
527 3993 653 4072 Athenas
681 4007 783 4076 postea
813 3997 924 4057 mittere
947 3991 1065 4079 (Aesch.
1099 3996 1120 4055 l.
1149 4011 1175 4054 c.
1199 4015 1203 4023 ·

222 4100 254 4162 p.
275 4077 318 4153 45
340 4073 410 4162 ln.);
433 4077 649 4162 detinuisseque
670 4096 734 4142 tcse
755 4081 874 4166 legatos,
895 4099 929 4144 ut
949 4081 1006 4144 sibi
1026 4084 1056 4141 in
1073 4102 1178 4144 recon-
