2594 4672
643 278 688 354 58

144 480 174 525 c.
197 456 250 525 ai.
272 412 374 525 Phoc.
401 477 450 548 17,
474 452 657 523 Curtiusl.
681 453 783 522 1110.
808 458 838 537 5,
862 453 922 548 qui
946 449 1188 527 Charidemum

142 561 243 629 rebus
265 560 404 629 civitatis
437 576 509 626 tum
538 559 576 625 in
604 554 700 653 peius
728 557 873 651 delapsis
901 556 1012 627 solum
1041 558 1188 630 exulasse

144 684 243 758 atque
265 660 319 732 ad
329 665 474 732 Darium
493 686 608 756 regem
628 661 805 732 contulisse
826 686 862 731 se
883 679 1013 745 narrat,
1040 665 1189 761 inceptis

141 767 327 837 Alexandri
349 767 614 849 adversaturum,
646 791 836 861 magnoque
858 767 968 834 Persis
999 770 1078 835 usui
1108 794 1190 838 eum

140 871 242 939 fuisse
264 871 376 955 tradit,
399 871 508 941 donec
530 873 573 941 ob
600 870 734 967 linguae
763 870 952 939 libertatem
973 873 1067 939 iussn
1090 874 1187 942 Darii

140 976 335 1044 inteiiectus
371 977 422 1044 sit
475 975 528 1044 Cf.
563 976 696 1043 Amian.
731 974 848 1069 exped.
882 973 977 1062 Alex.
1000 977 1034 1060 Ι,
1068 1001 1099 1044 c.
1132 1001 1184 1046 ιο.

139 1079 301 1147 Dinarch.
324 1083 363 1148 in
385 1082 482 1148 Dem.
502 1105 540 1174 p.
570 1082 610 1149 25
639 1103 689 1173 sq.
735 1079 875 1148 Factum
901 1079 940 1147 id
968 1097 1017 1148 est
1043 1080 1181 1177 Olymp.

140 1183 230 1267 CXI,
253 1183 286 1271 4.
330 1185 403 1254 Hoc
427 1187 517 1252 enim
531 1207 618 1251 anno
639 1183 783 1251 eundem
799 1183 994 1252 Charidemi
1008 1186 1181 1253 interitum

137 1287 282 1356 Diodor.
303 1285 338 1356 S
361 1289 486 1375 (XVII,
518 1289 575 1381 30)
603 1289 768 1421 copiosius
797 1306 946 1399 enarrat,
983 1288 1043 1354 ubi
1072 1289 1184 1357 virum

63 1404 70 1417 “
138 1414 216 1507 epm
236 1409 332 1460 vocat
352 1391 625 1480 θαυμαζόμενον’
613 1419 651 1459 sn
650 1392 800 1483 ’sindesi
786 1420 807 1458 n
828 1420 879 1460 και
869 1393 1052 1479 δεινότητι
1083 1416 1183 1493 στρα-

135 1496 255 1582 thylae.

191 1598 345 1697 Itaque
364 1597 584 1666 Charidemus
607 1616 641 1667 et
661 1597 833 1666 Nausicles
856 1622 963 1691 quum
982 1598 1184 1667 Demosthe-

133 1703 188 1769 nis
211 1718 316 1769 aetate
337 1703 532 1784 floruerint,
567 1725 774 1794 consequens
798 1717 856 1785 est,
880 1718 913 1769 et
935 1701 1063 1769 illam
1052 1728 1091 1770 ιιι
1113 1691 1182 1771 lm-

133 1806 234 1873 hrum
262 1825 296 1873 et
318 1805 496 1872 alteram
484 1828 523 1870 ιιι
553 1802 723 1872 Salamina
741 1803 999 1925 expeditionem
1029 1806 1180 1876 eiusdem

133 1911 294 2002 temporis
320 1904 430 2001 spatio
457 1931 529 1994 esse
560 1909 853 2001 circumscriptam.
908 1910 1028 1978 Annus
1055 1927 1178 1994 tamen,

133 2037 202 2107 quo
238 2010 425 2086 acciderint
454 2002 683 2105 expeditiones
723 2011 819 2096 illac,
856 2030 997 2106 propter·
1024 2010 1178 2084 mancam

131 2117 232 2183 huius
255 2117 368 2182 aetatis
399 2117 628 2207 cognitionem
658 2117 712 2182 vix
736 2133 846 2208 potest
878 2134 1031 2185 accurate
1052 2120 1177 2188 consti-

132 2219 191 2289 tui.
237 2217 363 2287 Insulas
385 2221 567 2301 Lemnum,
597 2219 748 2288 Imbrum
781 2238 881 2315 atque
908 2221 1053 2315 Scyrum
1083 2240 1175 2292 vetu-

130 2325 289 2393 stissimas
317 2324 577 2393 Atheniensium
611 2325 649 2392 in
684 2325 770 2391 mari
808 2327 919 2416 Aegeo
952 2329 1204 2418 possessiones¹

129 2429 228 2496 fuisse
251 2447 387 2497 constat.
433 2429 475 2495 ln
498 2452 550 2496 eas
572 2427 759 2522 Philippus,
782 2429 911 2523 quippe
933 2429 1027 2522 qnod
1046 2433 1174 2499 vicinae
1210 2472 1213 2477 ·

130 2551 240 2608 essent
260 2534 423 2607 Thraciae
444 2548 478 2599 et
509 2532 739 2624 Hellespont0,
761 2550 941 2628 postquam
962 2551 1051 2602 terra
1072 2538 1172 2604 mari·

89 2724 91 2728 ³
129 2663 197 2735 qne
220 2628 485 2706 exturbarehis
503 2636 698 2726 regionibus
717 2637 946 2705 Athenienses
967 2655 1170 2735 susceperat,

69 2740 74 2767 ¹
128 2743 258 2835 saepius
294 2741 502 2810 incursiones
536 2738 688 2810 faciebat
755 2739 824 2812 Sed
861 2743 960 2810 etiam
994 2760 1170 2837 antequam

128 2844 362 2947 Philippum
351 2860 441 2915 1nter
470 2860 503 2913 et
524 2841 743 2916 Athenienses
773 2847 899 2916 aeriter
921 2846 1080 2914 dimicari
1098 2870 1170 2917 coe-

127 2968 226 3046 ptum
255 2951 317 3036 sitj,
348 2934 467 3023 sociali
491 2942 599 3030 hello,
634 2949 817 3033 Lemnum,
849 2951 1001 3021 Imbrum
1023 2948 1169 3063 aliasque

126 3055 221 3129 hac
211 3081 249 3131 in
269 3056 427 3155 regione
424 3055 506 3127 sitas
527 3052 785 3126 Atheniensium
810 3054 969 3153 insulas
959 3056 1168 3150 impugnetis

128 3156 266 3233 neoclis
288 3146 471 3235 rebellibus
493 3184 564 3232 esse
568 3157 844 3260 devastatasque,
868 3177 983 3234 auctor
1005 3178 1055 3233 est
1068 3158 1168 3230 Diod.

127 3261 162 3337 S.
187 3263 279 3346 XVI,
302 3287 355 3352 21,
378 3265 439 3338 suh'
463 3265 601 3362 Olymp.
625 3263 769 3346 CVI,1
816 3265 939 3337 Num
929 3265 1033 3360 rginu·
1051 3263 1169 3345 codem

127 3391 216 3441 anno
222 3358 440 3468 susceptam
473 3393 542 3437 esse
581 3366 830 3462 expeditionem
868 3393 941 3436 eam
977 3386 1168 3452 statuamus,
1229 3452 1233 3463 .

123 3473 219 3544 ‘cuius
248 3473 285 3543 in
306 3470 455 3544 decreto
469 3474 486 3543 I
515 3474 641 3545 mentio
671 3472 735 3546 fit?
770 3475 862 3541 Haec
886 3472 1022 3544 Gorsini
1051 3475 1169 3571 opinio

126 3592 176 3650 est
196 3577 249 3667 (F.
272 3576 313 3646 A.
330 3573 414 3647 dias.
437 3577 537 3662 VIII,
565 3601 594 3647 c.
621 3578 688 3662 ιδ),
712 3595 746 3647 et
749 3577 1000 3648 Schoemanni
1032 3574 1091 3670 (de
1113 3601 1171 3649 co-

14 3761 16 3765 ,
123 3681 227 3754 mitiis
249 3679 327 3752 Aah.
350 3704 384 3777 p.
410 3680 491 3773 139).
536 3682 671 3775 Deque
693 3700 804 3753 tamen
817 3680 1083 3775 equidemvelde
1105 3680 1171 3750 du·

122 3782 211 3861 bito.
251 3785 338 3856 Nam
361 3783 582 3880 expeditionis
604 3785 665 3857 illo
696 3809 783 3852 anno
812 3785 965 3854 adversus
986 3787 1094 3855 socios
1115 3808 1171 3854 re-

123 3887 287 3962 bellantes
309 3913 362 3975 cas
384 3889 422 3955 in
442 3890 594 3983 regiones
623 3889 665 3957 ab
685 3889 944 3959 Atheniensibus
966 3890 1087 3958 missae
1108 3890 1171 3984 qui

70 4066 73 4074 ,
122 3993 340 4090 imperatores
361 3992 514 4076 suerunt,
545 3992 672 4087 optime
702 3993 775 4063 noti
796 4009 883 4062 sunt.
928 3992 1055 4064 Chares
1077 3995 1171 4061 anim

9 4180 15 4189 ,
123 4090 383 4200 stiphicrates,
415 4117 515 4199 atque
537 4097 736 4170 Timotheus
757 4120 923 4169 summam
955 4118 996 4167 co
1018 4113 1171 4195 tempore
1215 4146 1227 4201 J
