2594 4672
564 271 846 374 ...Q

192 467 230 538 p.
256 441 326 511 165.
372 439 418 506 At
439 437 659 507 Philochorus
682 434 800 505 eodem
823 455 922 516 anno,
946 434 1085 528 Olymp.
1107 432 1183 518 CX,
1212 460 1240 514 t,

98 614 99 623 ,
196 562 229 613 et
251 540 449 611 Perinthum
472 560 505 610 et
524 541 721 635 Byzantium
749 539 925 608 obsidione
948 539 1100 636 cinxisse,
1123 554 1157 604 et
1177 563 1242 631 pa-

194 673 269 718 cem
290 647 332 732 ab
353 645 614 712 Atheniensibus
637 643 829 712 solemniter
851 667 920 711 esse
938 640 1111 710 discissam
1122 641 1240 710 refert.

107 738 118 754 ⁶
196 750 308 838 Quod·
323 751 493 816 neminem
524 749 646 816 turbet
705 751 829 827 Pacem¹
855 745 999 814 solutam
1025 742 1240 816 solummodo

193 857 260 936 hoc
282 875 370 921 anno
393 839 587 944 consignare
609 850 831 934 Philochorus
853 848 972 930 voluit,
995 838 1054 916 sed
1076 869 1117 915 ex
1139 850 1240 918 solita

194 960 260 1030 sibi
281 955 499 1048 Diodoroque
521 954 762 1024 consuetudine
783 955 840 1020 hic
852 951 986 1019 demum
996 954 1127 1046 repetit,
1152 976 1241 1046 quae

119 1139 126 1149 ,
197 1080 339 1131 exeunte
361 1081 449 1126 anno
471 1059 538 1125 iam
552 1060 716 1152 superiori
730 1059 913 1126 factasunt.
957 1059 1070 1151 Atque
1082 1056 1240 1133 indidem

194 1164 233 1234 id
253 1166 366 1258 potius
387 1163 565 1257 probatur,
594 1163 756 1236 Perinthi,
775 1160 992 1254 Byzantiique
1014 1164 1242 1254 oppugnatio-

194 1294 276 1338 nem
298 1285 332 1336 et
350 1258 469 1360 pace'm
483 1267 624 1335 Athenis
647 1265 842 1334 solemniter
852 1264 1022 1350 discissam
1033 1265 1125 1331 haud
1136 1264 1241 1360 longo

159 1389 161 1392 ’
196 1375 286 1440 inter
307 1395 342 1439 se
365 1368 485 1439 distare
506 1369 692 1454 intervallo,
725 1387 758 1437 et
784 1393 892 1462 quum
919 1371 1028 1461 ipsam
1048 1370 1150 1446 etiam
1172 1373 1243 1464 By-

196 1477 297 1544 zantii
319 1473 530 1544 obsidionem
552 1492 693 1543 exeunte
722 1476 788 1540 iam
819 1471 965 1567 Olymp.
988 1473 1068 1541 CIX
1090 1499 1118 1540 a.
1141 1474 1163 1561 4
1187 1477 1244 1543 in«

133 1655 135 1660 .
196 1581 323 1674 cepisse
345 1576 543 1672 Philippum
565 1603 666 1673 supra
696 1595 918 1647 monstratum
932 1579 995 1661 sit,
1030 1572 1242 1672 consequens

197 1701 256 1766 est,
277 1682 408 1750 bellum
429 1684 518 1752 inter
545 1708 621 1750 eum
650 1699 684 1751 et
710 1682 931 1758 Athenienses
958 1683 1097 1754 ineunte
1126 1686 1243 1752 statim

92 1827 93 1830 π
198 1787 337 1882 Olymp.
361 1786 427 1854 CX
449 1812 477 1853 a.
505 1808 516 1852 1
544 1785 740 1854 solemniter
767 1787 942 1872 exarsisse3
968 1783 1006 1853 id
1027 1783 1119 1878 quod
1142 1786 1244 1856 docet

81 1929 87 1938 «
159 1945 161 1950 -
196 1893 299 1960 etiam
326 1907 423 1965 nova¹
442 1888 495 1956 lex
524 1891 739 1977 trierarchica
769 1888 827 1976 (de
861 1913 927 1957 cor.
950 1915 984 1985 p.
1015 1890 1109 1974 262),
1140 1916 1243 1984 quam

195 2017 327 2088 rogasse
355 2017 391 2061 se
413 1993 655 2061 Demosthenes
688 1991 791 2061 refert
817 2011 893 2087 post
919 2018 974 2080 ea,
1002 2017 1087 2088 quae
1109 1993 1152 2064 de
1172 1997 1244 2087 By-

196 2099 313 2166 zantiis
335 2098 422 2164 bene
443 2099 636 2179 meruisset,
669 2099 796 2188 rogavit
809 2086 1069 2187 ‘Boedromione
1099 2091 1241 2192 Olymp.

198 2177 286 2285 Cf}
301 2226 329 2284 1,
350 2218 389 2270 ut
411 2225 482 2293 cap.
503 2201 538 2267 b.
560 2226 611 2268 nr.
640 2224 678 2269 10
701 2218 851 2269 accurate
872 2201 1121 2269 monstrabitur.

219 2344 221 2349 ·
286 2307 402 2400 ltaque
425 2304 564 2398 Olymp.
579 2306 644 2374 CX
665 2307 844 2374 ineuntes.
863 2329 891 2387 1,
913 2321 1089 2400 postquam
1101 2324 1245 2376 exeunte

198 2414 266 2480 iam
298 2408 438 2506 Olymp.
469 2411 549 2479 CIX
571 2437 600 2480 a.
633 2412 657 2499 4
699 2409 875 2503 Philippus
900 2410 1100 2501 Byzantium
1121 2434 1245 2506 eoepe-

197 2533 250 2584 rat
271 2513 445 2598 obsidere,
467 2539 506 2583 ea
528 2515 690 2583 accidisse
710 2513 926 2581 manifestum
956 2531 1021 2597 est,
1052 2538 1139 2606 quae
1162 2515 1245 2584 Plu-

197 2619 331 2688 tarchus
352 2618 456 2687 refert
477 2618 732 2705 inPhoc.c.14.
762 2636 767 2690 “,
778 2617 955 2685 Charetem
965 2633 1079 2686 narrat
1091 2619 1245 2712 primum

77 2759 86 2819 ς
110 2716 112 2725 ’
164 2773 166 2777 .
196 2721 366 2816 Byzantiis
388 2719 508 2789 auxilio
529 2722 669 2789 missum
690 2723 732 2790 ab
754 2721 1014 2790 Atheniensibus
1036 2744 1125 2808 esse‚·
1140 2747 1246 2817 quem

161 2841 163 2852 ’
196 2827 240 2895 ob
264 2822 556 2893 malam'nominis
577 2826 701 2893 famam
722 2846 830 2919 quum
852 2842 906 2893 ne·
927 2826 1079 2922 excipere
1102 2821 1246 2918 iJuidem

196 2929 373 2998 moenibus
393 2930 547 3020 Byzantii
569 2927 764 3012 voluissent,
787 2931 994 2999 Phocionem
1013 2954 1090 3023 mox
1111 2931 1149 2998 in
1171 2934 1245 2999 eius

196 3033 311 3104 locum
332 3050 589 3127 essejcreatum‚
625 3058 692 3129 quo
721 3032 808 3102 duce
835 3033 1015 3128 Philippus
1047 3032 1091 3101 ad
1112 3035 1246 3104 solven-

198 3139 276 3207 dam
300 3137 439 3206 urbium
459 3136 671 3210 obsidionem
692 3137 827 3207 adactus
846 3141 890 3218 sit
911 3136 1031 3207 eodem
1052 3141 1121 3206 iam
1141 3164 1259 3224 anno,⁴

188 3239 339 3334 Olymp.
363 3241 442 3325 CX,
469 3265 497 3325 1,
519 3243 706 3313 secundum
733 3241 837 3313 Diod.
859 3243 958 3326 XVI,
981 3266 1041 3334 77,
1063 3267 1184 3338 eoque,
1206 3261 1246 3314 ut

124 3383 144 3432 y
196 3366 259 3412 nos
281 3369 354 3438 cap.
377 3345 419 3415 V.
442 3349 718 3432 monstrabimus,
740 3348 810 3416 fere
831 3347 953 3420 medio.
999 3348 1116 3442 Itaque
1137 3347 1246 3417 Athe·

197 3443 369 3516 niensiuni
398 3451 436 3516 in
464 3451 592 3544 primis·
610 3452 731 3524 auxilio
758 3469 826 3522 tota
854 3455 947 3544 regio
975 3450 1035 3518 illa
1062 3451 1104 3518 ab
1131 3452 1246 3520 immi·

199 3568 302 3621 nente
322 3552 476 3647 periculo
496 3553 641 3624 liberata
662 3574 726 3641 est,
754 3555 791 3623 id
821 3556 913 3649 quod
942 3572 1055 3623 nostro
1075 3550 1151 3624 loco
1174 3557 1244 3624 De·

190 3655 389 3726 ‘mosthenes
412 3657 567 3737 celebrat.
613 3660 716 3729 Cuius
744 3658 904 3727 beneficii
935 3661 1074 3751 gratiam
1094 3660 1243 3728 referen-

199 3779 251 3830 tes
273 3760 426 3854 Byzantii
448 3762 683 3856 Perinthiique
715 3787 770 3832 eos
793 3759 831 3830 in
852 3763 1072 3831 Athenienses
1094 3763 1244 3833 contule-

199 3882 283 3934 runt
304 3865 459 3947 honores,
483 3889 565 3957 quos
588 3867 720 3935 exhibet
742 3867 914 3935 decretum
936 3890 1054 3937 eorum
1069 3869 1107 3937 in
1129 3891 1178 3936 or.
1201 3865 1242 3934 de

200 3991 268 4038 eor.
290 3994 325 4064 p.
349 3970 412 4040 255
435 3993 497 4063 sq„
521 3971 558 4047 in
580 3994 648 4063 qup
672 3969 784 4038 classis
813 3990 948 4039 centum
968 3972 1087 4067 viginti
1108 3973 1243 4041 navium

143 4079 144 4084 ’
200 4097 239 4142 ca
267 4076 431 4173 nimirum
461 4089 528 4158 est,
558 4074 613 4143 cui
640 4066 825 4166 praelectus
862 4093 912 4144 est
939 4075 1101 4179 Phocion.
1155 4077 1244 4147 Eun
