<?xml version="1.0" encoding="UTF-8"?>
<!DOCTYPE html PUBLIC "-//W3C//DTD XHTML 1.0 Transitional//EN"
    "http://www.w3.org/TR/xhtml1/DTD/xhtml1-transitional.dtd">
<html xmlns="http://www.w3.org/1999/xhtml" xml:lang="en" lang="en">
 <head>
  <title>
</title>
<meta http-equiv="Content-Type" content="text/html;charset=utf-8" />
  <meta name='ocr-system' content='tesseract 3.04.00' />
  <meta name='ocr-capabilities' content='ocr_page ocr_carea ocr_par ocr_line ocrx_word'/>
</head>
<body>
  <div class='ocr_page' id='page_1' title='image "./commentariihist00wiengoog_0067.png"; bbox 0 0 2594 4672; ppageno 0'>
   <div class='ocr_carea' id='block_1_1' title="bbox 96 359 1289 2074">
    <p class='ocr_par' dir='ltr' id='par_1_1' title="bbox 96 359 1289 1977">
     <span class='ocr_line' id='line_1_1' title="bbox 186 359 1255 516; baseline 0.002 -27.006"><span class='ocrx_word' id='word_1_1' title='bbox 186 404 408 506; x_wconf 78' lang='lat' dir='ltr'><strong>continuasse,</strong></span> <span class='ocrx_word' id='word_1_2' title='bbox 431 421 594 516; x_wconf 82' lang='lat' dir='ltr'><strong>deniquo·</strong></span> <span class='ocrx_word' id='word_1_3' title='bbox 591 422 643 492; x_wconf 77' lang='lat' dir='ltr'><strong>ab</strong></span> <span class='ocrx_word' id='word_1_4' title='bbox 663 423 797 492; x_wconf 87' lang='lat' dir='ltr'><strong>eodem</strong></span> <span class='ocrx_word' id='word_1_5' title='bbox 803 421 891 505; x_wconf 81' lang='lat' dir='ltr'><strong>Iacto</strong></span> <span class='ocrx_word' id='word_1_6' title='bbox 914 438 948 491; x_wconf 91' lang='lat' dir='ltr'><strong>et</strong></span> <span class='ocrx_word' id='word_1_7' title='bbox 968 359 1255 515; x_wconf 44' lang='lat' dir='ltr'><strong>temporamyl-&#39;s-</strong></span> 
     </span>
     <span class='ocr_line' id='line_1_2' title="bbox 188 525 1256 618; baseline 0.003 -27"><span class='ocrx_word' id='word_1_8' title='bbox 188 525 263 592; x_wconf 88' lang='lat' dir='ltr'><strong>lum</strong></span> <span class='ocrx_word' id='word_1_9' title='bbox 284 527 335 592; x_wconf 91' lang='lat' dir='ltr'><strong>sui</strong></span> <span class='ocrx_word' id='word_1_10' title='bbox 357 527 467 618; x_wconf 89' lang='lat' dir='ltr'><strong>operis</strong></span> <span class='ocrx_word' id='word_1_11' title='bbox 487 527 636 594; x_wconf 77' lang='lat' dir='ltr'><strong>fecisse-⁶</strong></span> <span class='ocrx_word' id='word_1_12' title='bbox 617 528 761 596; x_wconf 88' lang='lat' dir='ltr'><strong>mitium</strong></span> <span class='ocrx_word' id='word_1_13' title='bbox 779 527 890 594; x_wconf 69' lang='lat' dir='ltr'><strong>refero.</strong></span> <span class='ocrx_word' id='word_1_14' title='bbox 936 525 1063 594; x_wconf 84' lang='lat' dir='ltr'><strong>Contra</strong></span> <span class='ocrx_word' id='word_1_15' title='bbox 1084 542 1134 594; x_wconf 90' lang='lat' dir='ltr'><strong>tot</strong></span> <span class='ocrx_word' id='word_1_16' title='bbox 1154 543 1233 594; x_wconf 82' lang='lat' dir='ltr'><strong>tan</strong></span> <span class='ocrx_word' id='word_1_17' title='bbox 1254 559 1256 562; x_wconf 99' lang='lat'><em>⁴</em></span> 
     </span>
     <span class='ocr_line' id='line_1_3' title="bbox 188 620 1238 724; baseline 0.003 -29"><span class='ocrx_word' id='word_1_18' title='bbox 188 645 288 722; x_wconf 88' lang='lat' dir='ltr'><strong>taque</strong></span> <span class='ocrx_word' id='word_1_19' title='bbox 310 633 498 698; x_wconf 88' lang='lat' dir='ltr'><strong>testimonia</strong></span> <span class='ocrx_word' id='word_1_20' title='bbox 518 633 628 724; x_wconf 86' lang='lat' dir='ltr'><strong>minus</strong></span> <span class='ocrx_word' id='word_1_21' title='bbox 655 631 804 722; x_wconf 86' lang='lat' dir='ltr'><strong>profecto</strong></span> <span class='ocrx_word' id='word_1_22' title='bbox 828 620 1007 707; x_wconf 78' lang='lat' dir='ltr'><strong>Marmoris</strong></span> <span class='ocrx_word' id='word_1_23' title='bbox 1035 630 1145 698; x_wconf 83' lang='grc' dir='ltr'><strong>Οιοιι.</strong></span> <span class='ocrx_word' id='word_1_24' title='bbox 1169 649 1238 698; x_wconf 77' lang='lat' dir='ltr'><strong>au·</strong></span> 
     </span>
     <span class='ocr_line' id='line_1_4' title="bbox 188 733 1259 829; baseline 0.007 -30"><span class='ocrx_word' id='word_1_25' title='bbox 188 735 321 800; x_wconf 88' lang='lat' dir='ltr'><strong>ctoritas</strong></span> <span class='ocrx_word' id='word_1_26' title='bbox 343 734 489 815; x_wconf 79' lang='lat' dir='ltr'><strong>valet,</strong></span> <span class='ocrx_word' id='word_1_27' title='bbox 478 759 515 800; x_wconf 88' lang='grc' dir='ltr'><strong>ιιι</strong></span> <span class='ocrx_word' id='word_1_28' title='bbox 538 758 605 829; x_wconf 84' lang='lat' dir='ltr'><strong>quo</strong></span> <span class='ocrx_word' id='word_1_29' title='bbox 637 734 692 802; x_wconf 92' lang='lat' dir='ltr'><strong>Ol.</strong></span> <span class='ocrx_word' id='word_1_30' title='bbox 718 736 796 817; x_wconf 85' lang='lat' dir='ltr'><strong>CV,</strong></span> <span class='ocrx_word' id='word_1_31' title='bbox 825 737 844 804; x_wconf 88' lang='lat'>3</span> <span class='ocrx_word' id='word_1_32' title='bbox 873 736 962 802; x_wconf 88' lang='lat' dir='ltr'><strong>arch.</strong></span> <span class='ocrx_word' id='word_1_33' title='bbox 997 733 1259 828; x_wconf 84' lang='lat' dir='ltr'><strong>Cephisodoro·</strong></span> 
     </span>
     <span class='ocr_line' id='line_1_5' title="bbox 96 837 1233 939; baseline 0.003 -36"><span class='ocrx_word' id='word_1_34' title='bbox 96 877 99 882; x_wconf 82' lang='lat'><strong>.</strong></span> <span class='ocrx_word' id='word_1_35' title='bbox 187 837 350 931; x_wconf 90' lang='lat' dir='ltr'><strong>templum</strong></span> <span class='ocrx_word' id='word_1_36' title='bbox 379 837 594 932; x_wconf 89' lang='lat' dir='ltr'><strong>Delphicum</strong></span> <span class='ocrx_word' id='word_1_37' title='bbox 615 839 793 939; x_wconf 89' lang='lat' dir='ltr'><strong>spoliatum</strong></span> <span class='ocrx_word' id='word_1_38' title='bbox 822 857 955 907; x_wconf 85' lang='lat' dir='ltr'><strong>notatur</strong></span> <span class='ocrx_word' id='word_1_39' title='bbox 986 842 1055 930; x_wconf 88' lang='lat' dir='ltr'><strong>(ep</strong></span> <span class='ocrx_word' id='word_1_40' title='bbox 1086 838 1139 929; x_wconf 80' lang='grc'><strong>76.</strong></span> <span class='ocrx_word' id='word_1_41' title='bbox 1166 837 1233 907; x_wconf 76' lang='lat' dir='ltr'><strong>lin.</strong></span> 
     </span>
     <span class='ocr_line' id='line_1_6' title="bbox 164 941 1289 1031; baseline 0.002 -22"><span class='ocrx_word' id='word_1_42' title='bbox 164 944 265 1031; x_wconf 86' lang='grc'><strong>-87).</strong></span> <span class='ocrx_word' id='word_1_43' title='bbox 295 942 408 1008; x_wconf 88' lang='lat' dir='ltr'><strong>Armis</strong></span> <span class='ocrx_word' id='word_1_44' title='bbox 436 959 547 1009; x_wconf 90' lang='lat' dir='ltr'><strong>tamen</strong></span> <span class='ocrx_word' id='word_1_45' title='bbox 576 941 633 1010; x_wconf 92' lang='lat' dir='ltr'><strong>Ol.</strong></span> <span class='ocrx_word' id='word_1_46' title='bbox 663 941 798 1010; x_wconf 85' lang='lat' dir='ltr'><strong>demum</strong></span> <span class='ocrx_word' id='word_1_47' title='bbox 830 945 923 1025; x_wconf 79' lang='lat' dir='ltr'><strong>CVI,</strong></span> <span class='ocrx_word' id='word_1_48' title='bbox 952 942 1090 1009; x_wconf 74' lang='lat' dir='ltr'><strong>nauch.</strong></span> <span class='ocrx_word' id='word_1_49' title='bbox 1123 941 1229 1011; x_wconf 86' lang='lat' dir='ltr'><strong>Galli·</strong></span> <span class='ocrx_word' id='word_1_50' title='bbox 1288 1007 1289 1011; x_wconf 75' lang='grc'>,</span> 
     </span>
     <span class='ocr_line' id='line_1_7' title="bbox 185 1045 1233 1140; baseline 0.002 -27"><span class='ocrx_word' id='word_1_51' title='bbox 185 1063 285 1113; x_wconf 84' lang='lat' dir='ltr'><strong>strato</strong></span> <span class='ocrx_word' id='word_1_52' title='bbox 310 1047 416 1112; x_wconf 89' lang='lat' dir='ltr'><strong>acrius</strong></span> <span class='ocrx_word' id='word_1_53' title='bbox 439 1045 592 1113; x_wconf 85' lang='lat' dir='ltr'><strong>dimicari</strong></span> <span class='ocrx_word' id='word_1_54' title='bbox 614 1066 769 1140; x_wconf 89' lang='lat' dir='ltr'><strong>coeptum</strong></span> <span class='ocrx_word' id='word_1_55' title='bbox 790 1047 919 1114; x_wconf 82' lang='lat' dir='ltr'><strong>videtur</strong></span> <span class='ocrx_word' id='word_1_56' title='bbox 941 1072 1019 1115; x_wconf 88' lang='lat' dir='ltr'><strong>esse.</strong></span> <span class='ocrx_word' id='word_1_57' title='bbox 1064 1046 1107 1113; x_wconf 90' lang='lat' dir='ltr'><strong>V.</strong></span> <span class='ocrx_word' id='word_1_58' title='bbox 1124 1046 1233 1124; x_wconf 60' lang='lat' dir='ltr'><strong>Diodr</strong></span> 
     </span>
     <span class='ocr_line' id='line_1_8' title="bbox 186 1134 1224 1243; baseline 0.001 -27"><span class='ocrx_word' id='word_1_59' title='bbox 186 1147 222 1216; x_wconf 91' lang='lat' dir='ltr'>S</span> <span class='ocrx_word' id='word_1_60' title='bbox 247 1134 338 1229; x_wconf 86' lang='lat' dir='ltr'>XVI,</span> <span class='ocrx_word' id='word_1_61' title='bbox 363 1152 403 1218; x_wconf 82' lang='lat'><strong>23</strong></span> <span class='ocrx_word' id='word_1_62' title='bbox 426 1175 476 1243; x_wconf 90' lang='lat' dir='ltr'><strong>sq.</strong></span> <span class='ocrx_word' id='word_1_63' title='bbox 524 1151 749 1234; x_wconf 82' lang='lat' dir='ltr'><strong>Quamobrem</strong></span> <span class='ocrx_word' id='word_1_64' title='bbox 761 1150 928 1219; x_wconf 90' lang='lat' dir='ltr'><strong>Diodorl.</strong></span> <span class='ocrx_word' id='word_1_65' title='bbox 952 1177 980 1219; x_wconf 93' lang='lat' dir='ltr'><strong>c</strong></span> <span class='ocrx_word' id='word_1_66' title='bbox 1003 1151 1067 1217; x_wconf 89' lang='lat' dir='ltr'><strong>hoe</strong></span> <span class='ocrx_word' id='word_1_67' title='bbox 1090 1149 1224 1218; x_wconf 84' lang='lat' dir='ltr'><strong>demum</strong></span> 
     </span>
     <span class='ocr_line' id='line_1_9' title="bbox 184 1252 1224 1377; baseline 0.004 -59"><span class='ocrx_word' id='word_1_68' title='bbox 184 1277 272 1319; x_wconf 90' lang='lat' dir='ltr'><strong>anuo</strong></span> <span class='ocrx_word' id='word_1_69' title='bbox 295 1252 378 1319; x_wconf 89' lang='lat' dir='ltr'><strong>belli</strong></span> <span class='ocrx_word' id='word_1_70' title='bbox 401 1256 485 1321; x_wconf 89' lang='lat' dir='ltr'><strong>sacri</strong></span> <span class='ocrx_word' id='word_1_71' title='bbox 508 1253 807 1349; x_wconf 82' lang='lat' dir='ltr'><strong>descriptionem</strong></span> <span class='ocrx_word' id='word_1_72' title='bbox 797 1258 934 1377; x_wconf 80' lang='lat' dir='ltr'><strong>1pcipit,</strong></span> <span class='ocrx_word' id='word_1_73' title='bbox 963 1256 1024 1321; x_wconf 93' lang='lat' dir='ltr'><strong>ubi</strong></span> <span class='ocrx_word' id='word_1_74' title='bbox 1044 1278 1138 1323; x_wconf 84' lang='lat' dir='ltr'><strong>moto</strong></span> <span class='ocrx_word' id='word_1_75' title='bbox 1158 1255 1224 1322; x_wconf 89' lang='lat' dir='ltr'><strong>sibi</strong></span> 
     </span>
     <span class='ocr_line' id='line_1_10' title="bbox 183 1356 1231 1453; baseline 0.001 -31"><span class='ocrx_word' id='word_1_76' title='bbox 183 1356 281 1424; x_wconf 87' lang='lat' dir='ltr'><strong>solito</strong></span> <span class='ocrx_word' id='word_1_77' title='bbox 303 1359 447 1448; x_wconf 84' lang='lat' dir='ltr'><strong>primam</strong></span> <span class='ocrx_word' id='word_1_78' title='bbox 469 1383 603 1448; x_wconf 80' lang='lat' dir='ltr'><strong>quoque</strong></span> <span class='ocrx_word' id='word_1_79' title='bbox 626 1357 716 1424; x_wconf 90' lang='lat' dir='ltr'><strong>illius</strong></span> <span class='ocrx_word' id='word_1_80' title='bbox 739 1362 905 1453; x_wconf 84' lang='lat' dir='ltr'><strong>originem</strong></span> <span class='ocrx_word' id='word_1_81' title='bbox 926 1360 1061 1452; x_wconf 79' lang='lat' dir='ltr'><strong>repetit3</strong></span> <span class='ocrx_word' id='word_1_82' title='bbox 1085 1381 1152 1450; x_wconf 86' lang='lat' dir='ltr'><strong>quo</strong></span> <span class='ocrx_word' id='word_1_83' title='bbox 1174 1359 1231 1440; x_wconf 79' lang='lat' dir='ltr'><strong>fit,</strong></span> 
     </span>
     <span class='ocr_line' id='line_1_11' title="bbox 183 1460 1231 1558; baseline 0.005 -33"><span class='ocrx_word' id='word_1_84' title='bbox 183 1478 221 1526; x_wconf 93' lang='lat' dir='ltr'><strong>ut</strong></span> <span class='ocrx_word' id='word_1_85' title='bbox 239 1461 356 1553; x_wconf 66' lang='lat' dir='ltr'><strong>‘ipsam</strong></span> <span class='ocrx_word' id='word_1_86' title='bbox 386 1460 544 1555; x_wconf 86' lang='lat' dir='ltr'><strong>Delphici</strong></span> <span class='ocrx_word' id='word_1_87' title='bbox 573 1461 690 1556; x_wconf 88' lang='lat' dir='ltr'><strong>templi</strong></span> <span class='ocrx_word' id='word_1_88' title='bbox 719 1467 999 1558; x_wconf 74' lang='lat' dir='ltr'><strong>expugnationem</strong></span> <span class='ocrx_word' id='word_1_89' title='bbox 1029 1463 1066 1528; x_wconf 89' lang='lat' dir='ltr'><strong>iu</strong></span> <span class='ocrx_word' id='word_1_90' title='bbox 1105 1461 1231 1530; x_wconf 89' lang='lat' dir='ltr'><strong>eodem·</strong></span> 
     </span>
     <span class='ocr_line' id='line_1_12' title="bbox 183 1566 1257 1664; baseline 0 -32"><span class='ocrx_word' id='word_1_91' title='bbox 183 1582 332 1657; x_wconf 85' lang='lat' dir='ltr'><strong>tempore</strong></span> <span class='ocrx_word' id='word_1_92' title='bbox 350 1566 514 1634; x_wconf 83' lang='lat' dir='ltr'><strong>collocare</strong></span> <span class='ocrx_word' id='word_1_93' title='bbox 528 1566 697 1664; x_wconf 72' lang='lat' dir='ltr'><strong>rideatur.</strong></span> <span class='ocrx_word' id='word_1_94' title='bbox 742 1569 841 1635; x_wconf 86' lang='lat' dir='ltr'><strong>Unde</strong></span> <span class='ocrx_word' id='word_1_95' title='bbox 863 1570 920 1634; x_wconf 92' lang='lat' dir='ltr'><strong>hic</strong></span> <span class='ocrx_word' id='word_1_96' title='bbox 943 1592 1005 1661; x_wconf 88' lang='lat' dir='ltr'><strong>per</strong></span> <span class='ocrx_word' id='word_1_97' title='bbox 1023 1590 1152 1633; x_wconf 51' lang='lat' dir='ltr'><strong>novem·¹</strong></span> <span class='ocrx_word' id='word_1_98' title='bbox 1164 1586 1257 1632; x_wconf 71' lang='grc' dir='ltr'><strong>ιιι-ἰ·</strong></span> 
     </span>
     <span class='ocr_line' id='line_1_13' title="bbox 182 1669 1224 1764; baseline 0.002 -28"><span class='ocrx_word' id='word_1_99' title='bbox 182 1692 243 1736; x_wconf 92' lang='lat' dir='ltr'><strong>nos</strong></span> <span class='ocrx_word' id='word_1_100' title='bbox 264 1669 396 1738; x_wconf 86' lang='lat' dir='ltr'><strong>bellum</strong></span> <span class='ocrx_word' id='word_1_101' title='bbox 421 1671 593 1740; x_wconf 90' lang='lat' dir='ltr'><strong>Phoceuse</strong></span> <span class='ocrx_word' id='word_1_102' title='bbox 614 1674 774 1739; x_wconf 88' lang='lat' dir='ltr'><strong>mansisse</strong></span> <span class='ocrx_word' id='word_1_103' title='bbox 802 1671 884 1738; x_wconf 88' lang='lat' dir='ltr'><strong>dicit</strong></span> <span class='ocrx_word' id='word_1_104' title='bbox 913 1672 956 1759; x_wconf 88' lang='lat' dir='ltr'><strong>(c.</strong></span> <span class='ocrx_word' id='word_1_105' title='bbox 988 1673 1061 1753; x_wconf 79' lang='lat'><strong>23),</strong></span> <span class='ocrx_word' id='word_1_106' title='bbox 1095 1671 1224 1764; x_wconf 89' lang='lat' dir='ltr'><strong>quippe</strong></span> 
     </span>
     <span class='ocr_line' id='line_1_14' title="bbox 181 1771 1223 1865; baseline 0.003 -25"><span class='ocrx_word' id='word_1_107' title='bbox 181 1773 275 1865; x_wconf 85' lang='lat' dir='ltr'><strong>quod</strong></span> <span class='ocrx_word' id='word_1_108' title='bbox 309 1777 378 1842; x_wconf 88' lang='lat' dir='ltr'><strong>eius</strong></span> <span class='ocrx_word' id='word_1_109' title='bbox 409 1776 514 1844; x_wconf 85' lang='lat' dir='ltr'><strong>finem</strong></span> <span class='ocrx_word' id='word_1_110' title='bbox 547 1774 590 1842; x_wconf 91' lang='lat' dir='ltr'><strong>ad</strong></span> <span class='ocrx_word' id='word_1_111' title='bbox 620 1771 675 1841; x_wconf 71' lang='lat' dir='ltr'><strong>Ol.</strong></span> <span class='ocrx_word' id='word_1_112' title='bbox 708 1773 824 1843; x_wconf 71' lang='lat' dir='ltr'>CVIII·</span> <span class='ocrx_word' id='word_1_113' title='bbox 850 1799 878 1842; x_wconf 92' lang='lat' dir='ltr'><strong>a.</strong></span> <span class='ocrx_word' id='word_1_114' title='bbox 903 1775 922 1841; x_wconf 98' lang='lat'>3</span> <span class='ocrx_word' id='word_1_115' title='bbox 958 1774 1079 1840; x_wconf 88' lang='lat' dir='ltr'><strong>reserat</strong></span> <span class='ocrx_word' id='word_1_116' title='bbox 1112 1774 1223 1862; x_wconf 81' lang='lat' dir='ltr'>(XVI,</span> 
     </span>
     <span class='ocr_line' id='line_1_15' title="bbox 116 1865 1253 1977; baseline 0.002 -31"><span class='ocrx_word' id='word_1_117' title='bbox 116 1968 122 1977; x_wconf 22' lang='grc' dir='ltr'><strong><em>Ι</em></strong></span> <span class='ocrx_word' id='word_1_118' title='bbox 183 1879 255 1969; x_wconf 86' lang='lat'>59);</span> <span class='ocrx_word' id='word_1_119' title='bbox 280 1881 461 1971; x_wconf 73' lang='lat' dir='ltr'><strong>superiori</strong></span> <span class='ocrx_word' id='word_1_120' title='bbox 489 1895 604 1945; x_wconf 90' lang='lat' dir='ltr'><strong>autem.</strong></span> <span class='ocrx_word' id='word_1_121' title='bbox 623 1877 699 1946; x_wconf 92' lang='lat' dir='ltr'><strong>loco</strong></span> <span class='ocrx_word' id='word_1_122' title='bbox 722 1885 764 1963; x_wconf 86' lang='lat' dir='ltr'><strong>(c.</strong></span> <span class='ocrx_word' id='word_1_123' title='bbox 798 1865 850 1969; x_wconf 65' lang='lat'><strong>14)</strong></span> <span class='ocrx_word' id='word_1_124' title='bbox 878 1875 1035 1944; x_wconf 89' lang='lat' dir='ltr'><strong>undecim</strong></span> <span class='ocrx_word' id='word_1_125' title='bbox 1056 1896 1224 1948; x_wconf 81' lang='lat' dir='ltr'><strong>annorum</strong></span> <span class='ocrx_word' id='word_1_126' title='bbox 1250 1922 1253 1926; x_wconf 91' lang='lat'>·</span> 
     </span>
    </p>

    <p class='ocr_par' dir='ltr' id='par_1_2' title="bbox 179 1978 1222 2074">
     <span class='ocr_line' id='line_1_16' title="bbox 179 1978 1222 2074; baseline 0 -26"><span class='ocrx_word' id='word_1_127' title='bbox 179 1981 282 2048; x_wconf 79' lang='lat' dir='ltr'><strong>fuisse</strong></span> <span class='ocrx_word' id='word_1_128' title='bbox 303 1983 428 2063; x_wconf 85' lang='lat' dir='ltr'><strong>scribit,</strong></span> <span class='ocrx_word' id='word_1_129' title='bbox 452 2007 472 2047; x_wconf 92' lang='lat' dir='ltr'><strong>a</strong></span> <span class='ocrx_word' id='word_1_130' title='bbox 492 2002 571 2050; x_wconf 86' lang='lat' dir='ltr'><strong>vcro</strong></span> <span class='ocrx_word' id='word_1_131' title='bbox 589 1990 718 2074; x_wconf 36' lang='lat' dir='ltr'><strong>*nempe</strong></span> <span class='ocrx_word' id='word_1_132' title='bbox 732 1983 873 2074; x_wconf 81' lang='lat' dir='ltr'><strong>spoliati</strong></span> <span class='ocrx_word' id='word_1_133' title='bbox 903 1978 1025 2074; x_wconf 87' lang='lat' dir='ltr'><strong>templi</strong></span> <span class='ocrx_word' id='word_1_134' title='bbox 1042 2005 1142 2064; x_wconf 89' lang='lat' dir='ltr'><strong>anno,</strong></span> <span class='ocrx_word' id='word_1_135' title='bbox 1166 1981 1222 2050; x_wconf 87' lang='lat' dir='ltr'><strong>ol.</strong></span> 
     </span>
    </p>
   </div>
   <div class='ocr_carea' id='block_1_2' title="bbox 52 2084 1222 2178">
    <p class='ocr_par' dir='ltr' id='par_1_3' title="bbox 52 2084 1222 2178">
     <span class='ocr_line' id='line_1_17' title="bbox 52 2084 1222 2178; baseline 0.006 -27"><span class='ocrx_word' id='word_1_136' title='bbox 52 2127 55 2133; x_wconf 41' lang='grc' dir='ltr'><strong>ι</strong></span> <span class='ocrx_word' id='word_1_137' title='bbox 181 2084 253 2167; x_wconf 89' lang='lat' dir='ltr'><strong>CV,</strong></span> <span class='ocrx_word' id='word_1_138' title='bbox 276 2085 316 2171; x_wconf 82' lang='grc'><strong>4,</strong></span> <span class='ocrx_word' id='word_1_139' title='bbox 344 2097 471 2178; x_wconf 89' lang='lat' dir='ltr'><strong>usque</strong></span> <span class='ocrx_word' id='word_1_140' title='bbox 469 2084 527 2152; x_wconf 87' lang='lat' dir='ltr'><strong>ad</strong></span> <span class='ocrx_word' id='word_1_141' title='bbox 557 2085 614 2154; x_wconf 93' lang='lat' dir='ltr'><strong>Ol</strong></span> <span class='ocrx_word' id='word_1_142' title='bbox 639 2085 766 2168; x_wconf 82' lang='lat' dir='ltr'>CVIII,</span> <span class='ocrx_word' id='word_1_143' title='bbox 798 2090 827 2156; x_wconf 85' lang='lat'>3</span> <span class='ocrx_word' id='word_1_144' title='bbox 880 2087 1076 2157; x_wconf 67' lang='lat' dir='ltr'><strong>,accuratius</strong></span> <span class='ocrx_word' id='word_1_145' title='bbox 1109 2104 1222 2154; x_wconf 87' lang='lat' dir='ltr'><strong>tamen</strong></span> 
     </span>
    </p>
   </div>
   <div class='ocr_carea' id='block_1_3' title="bbox 178 2189 1287 2387">
    <p class='ocr_par' dir='ltr' id='par_1_4' title="bbox 178 2189 1287 2387">
     <span class='ocr_line' id='line_1_18' title="bbox 178 2189 1279 2283; baseline 0.005 -29"><span class='ocrx_word' id='word_1_146' title='bbox 178 2190 357 2256; x_wconf 87' lang='lat' dir='ltr'><strong>Pausanias</strong></span> <span class='ocrx_word' id='word_1_147' title='bbox 377 2215 440 2283; x_wconf 86' lang='lat' dir='ltr'><strong>per</strong></span> <span class='ocrx_word' id='word_1_148' title='bbox 462 2189 579 2257; x_wconf 89' lang='lat' dir='ltr'><strong>decem</strong></span> <span class='ocrx_word' id='word_1_149' title='bbox 601 2216 704 2259; x_wconf 89' lang='lat' dir='ltr'><strong>annos</strong></span> <span class='ocrx_word' id='word_1_150' title='bbox 727 2195 902 2260; x_wconf 86' lang='lat' dir='ltr'><strong>continuos</strong></span> <span class='ocrx_word' id='word_1_151' title='bbox 930 2208 1069 2282; x_wconf 88' lang='lat' dir='ltr'><strong>gestum</strong></span> <span class='ocrx_word' id='word_1_152' title='bbox 1081 2193 1129 2258; x_wconf 91' lang='lat' dir='ltr'><strong>ait</strong></span> <span class='ocrx_word' id='word_1_153' title='bbox 1149 2192 1222 2265; x_wconf 86' lang='lat' dir='ltr'><strong>bel·</strong></span> <span class='ocrx_word' id='word_1_154' title='bbox 1276 2226 1279 2234; x_wconf 92' lang='lat'>·</span> 
     </span>
     <span class='ocr_line' id='line_1_19' title="bbox 179 2292 1287 2387; baseline 0.001 -27"><span class='ocrx_word' id='word_1_155' title='bbox 179 2292 251 2360; x_wconf 89' lang='lat' dir='ltr'><strong>lum</strong></span> <span class='ocrx_word' id='word_1_156' title='bbox 274 2295 445 2363; x_wconf 89' lang='lat' dir='ltr'><strong>Phocensc</strong></span> <span class='ocrx_word' id='word_1_157' title='bbox 474 2320 543 2363; x_wconf 88' lang='lat' dir='ltr'><strong>esse</strong></span> <span class='ocrx_word' id='word_1_158' title='bbox 566 2297 630 2387; x_wconf 91' lang='lat' dir='ltr'><strong>(X,</strong></span> <span class='ocrx_word' id='word_1_159' title='bbox 662 2315 738 2363; x_wconf 84' lang='lat' dir='ltr'><strong>aet</strong></span> <span class='ocrx_word' id='word_1_160' title='bbox 760 2299 778 2367; x_wconf 91' lang='lat'>3</span> <span class='ocrx_word' id='word_1_161' title='bbox 802 2298 881 2387; x_wconf 89' lang='lat' dir='ltr'><strong>in.·,)</strong></span> <span class='ocrx_word' id='word_1_162' title='bbox 909 2297 1008 2363; x_wconf 89' lang='lat' dir='ltr'><strong>sicuti</strong></span> <span class='ocrx_word' id='word_1_163' title='bbox 1034 2310 1067 2361; x_wconf 88' lang='lat' dir='ltr'><strong>et</strong></span> <span class='ocrx_word' id='word_1_164' title='bbox 1099 2296 1218 2363; x_wconf 84' lang='lat' dir='ltr'><strong>Acach.</strong></span> <span class='ocrx_word' id='word_1_165' title='bbox 1276 2354 1287 2368; x_wconf 86' lang='grc'>,</span> 
     </span>
    </p>
   </div>
   <div class='ocr_carea' id='block_1_4' title="bbox 39 2385 1285 2496">
    <p class='ocr_par' dir='ltr' id='par_1_5' title="bbox 39 2385 1285 2496">
     <span class='ocr_line' id='line_1_20' title="bbox 39 2385 1285 2496; baseline 0.001 -32"><span class='ocrx_word' id='word_1_166' title='bbox 39 2487 41 2492; x_wconf 68' lang='lat'><strong>,</strong></span> <span class='ocrx_word' id='word_1_167' title='bbox 148 2385 214 2464; x_wconf 38' lang='lat' dir='ltr'><strong>‘in</strong></span> <span class='ocrx_word' id='word_1_168' title='bbox 238 2398 325 2466; x_wconf 87' lang='lat' dir='ltr'><strong>Ctes.</strong></span> <span class='ocrx_word' id='word_1_169' title='bbox 348 2426 382 2493; x_wconf 91' lang='lat' dir='ltr'><strong>p.</strong></span> <span class='ocrx_word' id='word_1_170' title='bbox 408 2401 449 2492; x_wconf 74' lang='grc'><strong>74</strong></span> <span class='ocrx_word' id='word_1_171' title='bbox 472 2401 654 2468; x_wconf 90' lang='lat' dir='ltr'><strong>decennale</strong></span> <span class='ocrx_word' id='word_1_172' title='bbox 675 2401 803 2469; x_wconf 91' lang='lat' dir='ltr'><strong>bellum</strong></span> <span class='ocrx_word' id='word_1_173' title='bbox 824 2401 994 2469; x_wconf 86' lang='lat' dir='ltr'><strong>Phocense</strong></span> <span class='ocrx_word' id='word_1_174' title='bbox 1015 2416 1119 2479; x_wconf 87' lang='lat' dir='ltr'><strong>vocat,</strong></span> <span class='ocrx_word' id='word_1_175' title='bbox 1143 2420 1218 2467; x_wconf 87' lang='lat' dir='ltr'><strong>cum</strong></span> <span class='ocrx_word' id='word_1_176' title='bbox 1282 2490 1285 2496; x_wconf 25' lang='grc' dir='ltr'>Ι</span> 
     </span>
    </p>
   </div>
   <div class='ocr_carea' id='block_1_5' title="bbox 98 2489 1274 4176">
    <p class='ocr_par' dir='ltr' id='par_1_6' title="bbox 126 2489 1253 3640">
     <span class='ocr_line' id='line_1_21' title="bbox 178 2489 1214 2598; baseline -0.003 -27"><span class='ocrx_word' id='word_1_177' title='bbox 178 2502 301 2598; x_wconf 86' lang='lat' dir='ltr'><strong>quibus</strong></span> <span class='ocrx_word' id='word_1_178' title='bbox 333 2505 480 2598; x_wconf 87' lang='lat' dir='ltr'><strong>denique</strong></span> <span class='ocrx_word' id='word_1_179' title='bbox 512 2525 545 2574; x_wconf 87' lang='lat' dir='ltr'><strong>et</strong></span> <span class='ocrx_word' id='word_1_180' title='bbox 576 2489 765 2573; x_wconf 83' lang='lat' dir='ltr'><strong>Athenaeus</strong></span> <span class='ocrx_word' id='word_1_181' title='bbox 797 2508 977 2573; x_wconf 87' lang='lat' dir='ltr'><strong>consentit</strong></span> <span class='ocrx_word' id='word_1_182' title='bbox 985 2502 1214 2595; x_wconf 84' lang='lat' dir='ltr'><strong>I.X111,p.</strong></span> 
     </span>
     <span class='ocr_line' id='line_1_22' title="bbox 162 2594 1212 2700; baseline -0.004 -22"><span class='ocrx_word' id='word_1_183' title='bbox 162 2611 318 2689; x_wconf 57' lang='lat'>5603„</span> <span class='ocrx_word' id='word_1_184' title='bbox 350 2612 514 2700; x_wconf 87' lang='lat' dir='ltr'><strong>quamvis</strong></span> <span class='ocrx_word' id='word_1_185' title='bbox 509 2594 717 2676; x_wconf 86' lang='lat' dir='ltr'><strong>Pausanias</strong></span> <span class='ocrx_word' id='word_1_186' title='bbox 724 2634 835 2676; x_wconf 48' lang='lat' dir='ltr'><strong>sumsere</strong></span> <span class='ocrx_word' id='word_1_187' title='bbox 864 2627 977 2700; x_wconf 91' lang='lat' dir='ltr'><strong>captus</strong></span> <span class='ocrx_word' id='word_1_188' title='bbox 1007 2608 1118 2674; x_wconf 88' lang='lat' dir='ltr'><strong>nescio</strong></span> <span class='ocrx_word' id='word_1_189' title='bbox 1149 2629 1212 2700; x_wconf 86' lang='lat' dir='ltr'><strong>quo</strong></span> 
     </span>
     <span class='ocr_line' id='line_1_23' title="bbox 176 2711 1213 2804; baseline -0.003 -25"><span class='ocrx_word' id='word_1_190' title='bbox 176 2715 393 2779; x_wconf 87' lang='lat' dir='ltr'><strong>terminatum</strong></span> <span class='ocrx_word' id='word_1_191' title='bbox 424 2712 555 2779; x_wconf 89' lang='lat' dir='ltr'><strong>bellum</strong></span> <span class='ocrx_word' id='word_1_192' title='bbox 587 2711 651 2804; x_wconf 87' lang='lat' dir='ltr'><strong>Ol.</strong></span> <span class='ocrx_word' id='word_1_193' title='bbox 691 2714 821 2792; x_wconf 83' lang='lat' dir='ltr'>CVIII,</span> <span class='ocrx_word' id='word_1_194' title='bbox 863 2738 872 2778; x_wconf 86' lang='grc' dir='ltr'><strong>ι</strong></span> <span class='ocrx_word' id='word_1_195' title='bbox 913 2712 1072 2778; x_wconf 81' lang='lat' dir='ltr'><strong>archonte</strong></span> <span class='ocrx_word' id='word_1_196' title='bbox 1104 2711 1213 2777; x_wconf 85' lang='lat' dir='ltr'><strong>T-heo</strong></span> 
     </span>
     <span class='ocr_line' id='line_1_24' title="bbox 174 2813 1214 2909; baseline -0.002 -27"><span class='ocrx_word' id='word_1_197' title='bbox 174 2816 288 2909; x_wconf 85' lang='grc' dir='ltr'>ΡΙιὶΙο</span> <span class='ocrx_word' id='word_1_198' title='bbox 298 2813 399 2883; x_wconf 88' lang='lat' dir='ltr'><strong>dicat.</strong></span> <span class='ocrx_word' id='word_1_199' title='bbox 447 2814 547 2882; x_wconf 85' lang='lat' dir='ltr'><strong>Finis</strong></span> <span class='ocrx_word' id='word_1_200' title='bbox 575 2818 673 2883; x_wconf 89' lang='lat' dir='ltr'><strong>enim</strong></span> <span class='ocrx_word' id='word_1_201' title='bbox 692 2815 775 2883; x_wconf 88' lang='lat' dir='ltr'><strong>be&#39;lli</strong></span> <span class='ocrx_word' id='word_1_202' title='bbox 800 2817 900 2898; x_wconf 86' lang='lat' dir='ltr'><strong>sacri,</strong></span> <span class='ocrx_word' id='word_1_203' title='bbox 927 2817 995 2882; x_wconf 88' lang='lat' dir='ltr'><strong>sive</strong></span> <span class='ocrx_word' id='word_1_204' title='bbox 1025 2840 1102 2882; x_wconf 90' lang='lat' dir='ltr'><strong>eum</strong></span> <span class='ocrx_word' id='word_1_205' title='bbox 1129 2815 1214 2880; x_wconf 90' lang='lat' dir='ltr'><strong>Pha·</strong></span> 
     </span>
     <span class='ocr_line' id='line_1_25' title="bbox 173 2907 1213 3014; baseline -0.002 -28"><span class='ocrx_word' id='word_1_206' title='bbox 173 2917 257 2988; x_wconf 88' lang='lat' dir='ltr'><strong>laeci</strong></span> <span class='ocrx_word' id='word_1_207' title='bbox 279 2943 359 2989; x_wconf 90' lang='lat' dir='ltr'><strong>cum</strong></span> <span class='ocrx_word' id='word_1_208' title='bbox 377 2920 538 3014; x_wconf 85' lang='lat' dir='ltr'><strong>Philippo</strong></span> <span class='ocrx_word' id='word_1_209' title='bbox 560 2937 698 3014; x_wconf 88' lang='lat' dir='ltr'><strong>paetum</strong></span> <span class='ocrx_word' id='word_1_210' title='bbox 719 2922 832 2988; x_wconf 89' lang='lat' dir='ltr'><strong>statuis</strong></span> <span class='ocrx_word' id='word_1_211' title='bbox 855 2944 923 2987; x_wconf 89' lang='lat' dir='ltr'><strong>esse</strong></span> <span class='ocrx_word' id='word_1_212' title='bbox 948 2921 985 2986; x_wconf 89' lang='lat' dir='ltr'><strong>in</strong></span> <span class='ocrx_word' id='word_1_213' title='bbox 1008 2919 1065 2990; x_wconf 86' lang='lat' dir='ltr'><strong>Ol.</strong></span> <span class='ocrx_word' id='word_1_214' title='bbox 1089 2907 1213 3000; x_wconf 88' lang='lat' dir='ltr'><strong>CVlll,</strong></span> 
     </span>
     <span class='ocr_line' id='line_1_26' title="bbox 174 3024 1224 3117; baseline -0.001 -25"><span class='ocrx_word' id='word_1_215' title='bbox 174 3052 200 3092; x_wconf 82' lang='lat' dir='ltr'><strong>a</strong></span> <span class='ocrx_word' id='word_1_216' title='bbox 226 3050 245 3093; x_wconf 86' lang='lat'>2</span> <span class='ocrx_word' id='word_1_217' title='bbox 276 3044 465 3109; x_wconf 81' lang='lat' dir='ltr'><strong>exeuntem,</strong></span> <span class='ocrx_word' id='word_1_218' title='bbox 494 3051 553 3094; x_wconf 89' lang='lat' dir='ltr'><strong>seu</strong></span> <span class='ocrx_word' id='word_1_219' title='bbox 583 3024 709 3093; x_wconf 88' lang='lat' dir='ltr'><strong>dirutas</strong></span> <span class='ocrx_word' id='word_1_220' title='bbox 740 3050 781 3092; x_wconf 83' lang='lat' dir='ltr'><strong>ex</strong></span> <span class='ocrx_word' id='word_1_221' title='bbox 815 3025 949 3092; x_wconf 88' lang='lat' dir='ltr'><strong>decreto</strong></span> <span class='ocrx_word' id='word_1_222' title='bbox 993 3024 1224 3117; x_wconf 53' lang='lat' dir='ltr'><strong>Amphictyoe</strong></span> 
     </span>
     <span class='ocr_line' id='line_1_27' title="bbox 174 3125 1225 3199; baseline -0.004 -1"><span class='ocrx_word' id='word_1_223' title='bbox 174 3156 258 3198; x_wconf 89' lang='lat' dir='ltr'><strong>num</strong></span> <span class='ocrx_word' id='word_1_224' title='bbox 278 3132 379 3198; x_wconf 89' lang='lat' dir='ltr'><strong>urbes</strong></span> <span class='ocrx_word' id='word_1_225' title='bbox 407 3130 450 3199; x_wconf 90' lang='lat' dir='ltr'><strong>ad</strong></span> <span class='ocrx_word' id='word_1_226' title='bbox 480 3130 632 3198; x_wconf 87' lang='lat' dir='ltr'><strong>eiusdem</strong></span> <span class='ocrx_word' id='word_1_227' title='bbox 654 3129 711 3198; x_wconf 94' lang='lat' dir='ltr'><strong>Ol.</strong></span> <span class='ocrx_word' id='word_1_228' title='bbox 739 3156 767 3196; x_wconf 91' lang='lat' dir='ltr'><strong>a.</strong></span> <span class='ocrx_word' id='word_1_229' title='bbox 797 3130 853 3198; x_wconf 94' lang='lat'>3</span> <span class='ocrx_word' id='word_1_230' title='bbox 842 3139 1015 3196; x_wconf 86' lang='lat' dir='ltr'><strong>meantem</strong></span> <span class='ocrx_word' id='word_1_231' title='bbox 1042 3125 1225 3194; x_wconf 71' lang='lat' dir='ltr'><strong>conferes-2</strong></span> 
     </span>
     <span class='ocr_line' id='line_1_28' title="bbox 173 3231 1215 3329; baseline -0.002 -27"><span class='ocrx_word' id='word_1_232' title='bbox 173 3234 236 3302; x_wconf 90' lang='lat' dir='ltr'><strong>dus</strong></span> <span class='ocrx_word' id='word_1_233' title='bbox 259 3253 317 3316; x_wconf 90' lang='lat' dir='ltr'><strong>est,</strong></span> <span class='ocrx_word' id='word_1_234' title='bbox 341 3235 435 3328; x_wconf 88' lang='lat' dir='ltr'><strong>quod</strong></span> <span class='ocrx_word' id='word_1_235' title='bbox 456 3235 542 3302; x_wconf 86' lang='lat' dir='ltr'><strong>iufra</strong></span> <span class='ocrx_word' id='word_1_236' title='bbox 565 3237 651 3329; x_wconf 85' lang='lat' dir='ltr'><strong>(cap.</strong></span> <span class='ocrx_word' id='word_1_237' title='bbox 676 3236 738 3316; x_wconf 92' lang='grc' dir='ltr'><strong>ΙΙΙ,</strong></span> <span class='ocrx_word' id='word_1_238' title='bbox 747 3240 794 3324; x_wconf 88' lang='grc'><strong>7)</strong></span> <span class='ocrx_word' id='word_1_239' title='bbox 822 3260 841 3300; x_wconf 90' lang='lat' dir='ltr'><strong>a</strong></span> <span class='ocrx_word' id='word_1_240' title='bbox 873 3234 970 3301; x_wconf 89' lang='lat' dir='ltr'><strong>nobis</strong></span> <span class='ocrx_word' id='word_1_241' title='bbox 999 3232 1134 3299; x_wconf 82' lang='lat' dir='ltr'><strong>uberius</strong></span> <span class='ocrx_word' id='word_1_242' title='bbox 1158 3231 1215 3301; x_wconf 84' lang='lat' dir='ltr'><strong>de·</strong></span> 
     </span>
     <span class='ocr_line' id='line_1_29' title="bbox 126 3335 1253 3429; baseline -0.003 -22"><span class='ocrx_word' id='word_1_243' title='bbox 126 3367 128 3376; x_wconf 53' lang='lat'>³</span> <span class='ocrx_word' id='word_1_244' title='bbox 172 3339 421 3428; x_wconf 88' lang='lat' dir='ltr'><strong>monstrabitur.</strong></span> <span class='ocrx_word' id='word_1_245' title='bbox 468 3339 520 3406; x_wconf 87' lang='lat' dir='ltr'><strong>cf.</strong></span> <span class='ocrx_word' id='word_1_246' title='bbox 536 3340 682 3406; x_wconf 45' lang='lat' dir='ltr'><strong>&#39;cadem‘</strong></span> <span class='ocrx_word' id='word_1_247' title='bbox 698 3338 740 3405; x_wconf 88' lang='lat' dir='ltr'><strong>de</strong></span> <span class='ocrx_word' id='word_1_248' title='bbox 765 3362 811 3406; x_wconf 84' lang='lat' dir='ltr'><strong>re</strong></span> <span class='ocrx_word' id='word_1_249' title='bbox 831 3338 971 3408; x_wconf 63' lang='lat' dir='ltr'><strong>Weisk.</strong></span> <span class='ocrx_word' id='word_1_250' title='bbox 995 3335 1038 3402; x_wconf 90' lang='lat' dir='ltr'><strong>de</strong></span> <span class='ocrx_word' id='word_1_251' title='bbox 1065 3336 1213 3429; x_wconf 83' lang='lat' dir='ltr'><strong>Hyperb.</strong></span> <span class='ocrx_word' id='word_1_252' title='bbox 1250 3380 1253 3384; x_wconf 91' lang='lat'><em>-</em></span> 
     </span>
     <span class='ocr_line' id='line_1_30' title="bbox 172 3441 531 3536; baseline -0.003 -26"><span class='ocrx_word' id='word_1_253' title='bbox 172 3441 250 3511; x_wconf 89' lang='lat' dir='ltr'><strong>diss.</strong></span> <span class='ocrx_word' id='word_1_254' title='bbox 274 3446 337 3523; x_wconf 91' lang='grc' dir='ltr'>ΙΙΙ,</span> <span class='ocrx_word' id='word_1_255' title='bbox 358 3470 392 3535; x_wconf 91' lang='grc' dir='ltr'><strong>Ρ.</strong></span> <span class='ocrx_word' id='word_1_256' title='bbox 420 3446 458 3512; x_wconf 90' lang='lat'><strong>18</strong></span> <span class='ocrx_word' id='word_1_257' title='bbox 481 3468 531 3536; x_wconf 90' lang='lat' dir='ltr'><strong>sq.</strong></span> 
     </span>
     <span class='ocr_line' id='line_1_31' title="bbox 164 3544 1216 3640; baseline -0.001 -27"><span class='ocrx_word' id='word_1_258' title='bbox 164 3571 190 3629; x_wconf 50' lang='lat' dir='ltr'><em>g</em></span> <span class='ocrx_word' id='word_1_259' title='bbox 260 3550 353 3632; x_wconf 90' lang='lat' dir='ltr'><strong>Quae</strong></span> <span class='ocrx_word' id='word_1_260' title='bbox 388 3566 499 3615; x_wconf 89' lang='lat' dir='ltr'><strong>tamon</strong></span> <span class='ocrx_word' id='word_1_261' title='bbox 534 3549 650 3640; x_wconf 85' lang='lat' dir='ltr'><strong>-prima</strong></span> <span class='ocrx_word' id='word_1_262' title='bbox 666 3580 669 3585; x_wconf 97' lang='lat'><em>⁴</em></span> <span class='ocrx_word' id='word_1_263' title='bbox 688 3546 772 3614; x_wconf 88' lang='lat' dir='ltr'><strong>belli</strong></span> <span class='ocrx_word' id='word_1_264' title='bbox 806 3547 904 3612; x_wconf 87' lang='lat' dir='ltr'><strong>huius</strong></span> <span class='ocrx_word' id='word_1_265' title='bbox 946 3544 1076 3612; x_wconf 84' lang='lat' dir='ltr'><strong>exitiosi</strong></span> <span class='ocrx_word' id='word_1_266' title='bbox 1118 3563 1216 3614; x_wconf 85' lang='lat' dir='ltr'><strong>causa</strong></span> 
     </span>
    </p>

    <p class='ocr_par' dir='ltr' id='par_1_7' title="bbox 98 3638 1274 4176">
     <span class='ocr_line' id='line_1_32' title="bbox 158 3638 1274 3745; baseline -0.005 -24"><span class='ocrx_word' id='word_1_267' title='bbox 158 3654 282 3733; x_wconf 61' lang='lat' dir='ltr'><strong>&#39;iberia</strong></span> <span class='ocrx_word' id='word_1_268' title='bbox 305 3654 418 3718; x_wconf 90' lang='lat' dir='ltr'><strong>minus</strong></span> <span class='ocrx_word' id='word_1_269' title='bbox 440 3652 528 3717; x_wconf 90' lang='lat' dir='ltr'><strong>inter</strong></span> <span class='ocrx_word' id='word_1_270' title='bbox 555 3655 734 3745; x_wconf 87' lang='lat' dir='ltr'><strong>scriptores</strong></span> <span class='ocrx_word' id='word_1_271' title='bbox 758 3668 895 3719; x_wconf 88' lang='lat' dir='ltr'><strong>constat.</strong></span> <span class='ocrx_word' id='word_1_272' title='bbox 940 3648 1110 3716; x_wconf 87' lang='lat' dir='ltr'><strong>Diodorus</strong></span> <span class='ocrx_word' id='word_1_273' title='bbox 1134 3649 1215 3731; x_wconf 76' lang='lat' dir='ltr'><strong>Sia,</strong></span> <span class='ocrx_word' id='word_1_274' title='bbox 1219 3674 1222 3679; x_wconf 80' lang='grc'><strong>’</strong></span> <span class='ocrx_word' id='word_1_275' title='bbox 1248 3638 1274 3701; x_wconf 80' lang='lat'><strong>,&#39;</strong></span> 
     </span>
     <span class='ocr_line' id='line_1_33' title="bbox 172 3754 1217 3853; baseline -0.005 -28"><span class='ocrx_word' id='word_1_276' title='bbox 172 3763 233 3852; x_wconf 85' lang='lat' dir='ltr'><strong>qui</strong></span> <span class='ocrx_word' id='word_1_277' title='bbox 256 3758 364 3848; x_wconf 86' lang='lat' dir='ltr'>(XVI,</span> <span class='ocrx_word' id='word_1_278' title='bbox 388 3757 445 3844; x_wconf 85' lang='lat'><strong>23)</strong></span> <span class='ocrx_word' id='word_1_279' title='bbox 467 3780 508 3849; x_wconf 92' lang='lat' dir='ltr'><strong>p1</strong></span> <span class='ocrx_word' id='word_1_280' title='bbox 509 3774 643 3847; x_wconf 90' lang='lat' dir='ltr'><strong>opterea</strong></span> <span class='ocrx_word' id='word_1_281' title='bbox 658 3754 816 3851; x_wconf 84' lang='lat' dir='ltr'><strong>mulctam</strong></span> <span class='ocrx_word' id='word_1_282' title='bbox 830 3754 1054 3820; x_wconf 89' lang='lat' dir='ltr'><strong>Phocensibus</strong></span> <span class='ocrx_word' id='word_1_283' title='bbox 1077 3754 1119 3853; x_wconf 84' lang='lat' dir='ltr'><strong>ab</strong></span> <span class='ocrx_word' id='word_1_284' title='bbox 1132 3754 1217 3820; x_wconf 91' lang='lat' dir='ltr'><strong>Am-</strong></span> 
     </span>
     <span class='ocr_line' id='line_1_34' title="bbox 101 3846 1220 3967; baseline -0.006 -36"><span class='ocrx_word' id='word_1_285' title='bbox 101 3850 104 3867; x_wconf 66' lang='lat'>&#39;</span> <span class='ocrx_word' id='word_1_286' title='bbox 170 3864 395 3967; x_wconf 79' lang='lat' dir='ltr'><strong>phlctyonum</strong></span> <span class='ocrx_word' id='word_1_287' title='bbox 417 3857 559 3926; x_wconf 88' lang='lat' dir='ltr'><strong>concilio</strong></span> <span class='ocrx_word' id='word_1_288' title='bbox 582 3846 744 3926; x_wconf 86' lang='lat' dir='ltr'><strong>indictam</strong></span> <span class='ocrx_word' id='word_1_289' title='bbox 760 3859 872 3940; x_wconf 82' lang='lat' dir='ltr'><strong>refert,</strong></span> <span class='ocrx_word' id='word_1_290' title='bbox 896 3857 989 3951; x_wconf 87' lang='lat' dir='ltr'><strong>quod</strong></span> <span class='ocrx_word' id='word_1_291' title='bbox 1009 3847 1125 3952; x_wconf 84' lang='lat' dir='ltr'><strong>agrum</strong></span> <span class='ocrx_word' id='word_1_292' title='bbox 1141 3859 1220 3925; x_wconf 58' lang='lat' dir='ltr'><strong>Cis</strong></span> 
     </span>
     <span class='ocr_line' id='line_1_35' title="bbox 98 3959 1271 4057; baseline -0.005 -22"><span class='ocrx_word' id='word_1_293' title='bbox 98 3997 102 4000; x_wconf 90' lang='grc'><em>·</em></span> <span class='ocrx_word' id='word_1_294' title='bbox 171 3962 322 4050; x_wconf 73' lang='lat' dir='ltr'><strong>rhesum,</strong></span> <span class='ocrx_word' id='word_1_295' title='bbox 342 3959 518 4056; x_wconf 89' lang='lat' dir='ltr'><strong>Delphico</strong></span> <span class='ocrx_word' id='word_1_296' title='bbox 549 3964 676 4057; x_wconf 87' lang='lat' dir='ltr'><strong>templo</strong></span> <span class='ocrx_word' id='word_1_297' title='bbox 709 3979 883 4043; x_wconf 88' lang='lat' dir='ltr'><strong>sacratum,</strong></span> <span class='ocrx_word' id='word_1_298' title='bbox 906 3961 1104 4043; x_wconf 87' lang='lat' dir='ltr'><strong>coluissent,</strong></span> <span class='ocrx_word' id='word_1_299' title='bbox 1132 3979 1220 4030; x_wconf 88' lang='lat' dir='ltr'><strong>tam-</strong></span> <span class='ocrx_word' id='word_1_300' title='bbox 1268 3996 1271 4001; x_wconf 47' lang='lat'><em>⁴</em></span> 
     </span>
     <span class='ocr_line' id='line_1_36' title="bbox 173 4063 1264 4176; baseline -0.004 -36"><span class='ocrx_word' id='word_1_301' title='bbox 173 4095 275 4176; x_wconf 75' lang='lat' dir='ltr'><strong>quam</strong></span> <span class='ocrx_word' id='word_1_302' title='bbox 296 4073 334 4139; x_wconf 89' lang='lat' dir='ltr'><strong>in</strong></span> <span class='ocrx_word' id='word_1_303' title='bbox 361 4092 479 4139; x_wconf 84' lang='lat' dir='ltr'><strong>corum</strong></span> <span class='ocrx_word' id='word_1_304' title='bbox 505 4086 592 4137; x_wconf 84' lang='lat' dir='ltr'><strong>esset</strong></span> <span class='ocrx_word' id='word_1_305' title='bbox 613 4067 759 4152; x_wconf 87' lang='lat' dir='ltr'><strong>ditione,</strong></span> <span class='ocrx_word' id='word_1_306' title='bbox 789 4067 925 4136; x_wconf 82' lang='lat' dir='ltr'><strong>alterius</strong></span> <span class='ocrx_word' id='word_1_307' title='bbox 946 4065 1029 4136; x_wconf 80' lang='lat' dir='ltr'><strong>balli</strong></span> <span class='ocrx_word' id='word_1_308' title='bbox 1050 4066 1136 4135; x_wconf 81' lang='lat' dir='ltr'><strong>sacri</strong></span> <span class='ocrx_word' id='word_1_309' title='bbox 1158 4063 1219 4136; x_wconf 80' lang='lat' dir='ltr'><strong>ad·</strong></span> <span class='ocrx_word' id='word_1_310' title='bbox 1262 4104 1264 4109; x_wconf 95' lang='lat'>·</span> 
     </span>
    </p>
   </div>
   <div class='ocr_carea' id='block_1_6' title="bbox 0 0 1302 4672">
    <p class='ocr_par' dir='ltr' id='par_1_8' title="bbox 0 0 1302 4672">
     <span class='ocr_line' id='line_1_37' title="bbox 0 0 1302 4672; baseline 0 6"><span class='ocrx_word' id='word_1_311' title='bbox 0 0 1302 4672; x_wconf 95' lang='lat' dir='ltr'><strong> </strong></span> 
     </span>
    </p>
   </div>
  </div>
 </body>
</html>
