2594 4672
621 244 664 312 73

565 335 722 351 W

122 409 312 478 stodemnm
344 425 490 479 actorem
505 403 516 479 ἶ
523 412 700 495 miserunt,
725 412 795 505 qui·
815 435 921 504 quum
944 409 1098 480 Athenas'
1112 433 1167 483 re.-

123 513 364 605 diisset,-regis
384 514 655 582 benevolentiam
683 513 958 608 studiumque-in
980 515 1167 583 Athenien-

122 620 211 685 sium
233 619 397 686 civitatem
419 642 531 687 coram
559 636 676 686 senatu
701 618 900 712 populoque
933 619 1071 686 summis
1096 618 1169 686 lau·

123 722 225 789 dibus
249 721 413 803 efferebat,
437 746 581 815 eumque
603 721 647 789 ad
667 747 787 816 pacem
809 747 911 814 quam
928 725 1067 789 maxime
1088 747 1169 816 pro-

122 848 265 920 pensum
288 850 357 892 esse
379 824 490 894 denuo
513 827 702 894 testabatur.
747 827 806 892 His
827 827 930 917 igitur
951 827 1043 919 apud
1060 848 1171 920 popu·-

107 929 195 1007 ,lnm
215 931 429 1012 renunciatis,
452 933 577 998 iterum
590 931 738 1002 decrevit
752 931 959 998 Philocrates
980 929 1103 1022 legatos
1126 933 1168 998 ab
1236 984 1238 986 -

107 1035 385 1102 'Atheniensibus
408 1060 477 1102 esse
499 1034 678 1118 creandos,
707 1037 767 1128 qui
789 1035 831 1100 de
853 1037 945 1127 pacis
968 1033 1172 1113 conditioni-

122 1139 187 1219 bus
210 1163 289 1205 cum
309 1135 467 1232 Philippo
494 1158 638 1232 agerent.
683 1141 732 1208 Ita
753 1139 878 1208 factum
900 1156 967 1219 est,
996 1157 1035 1206 ut
1061 1140 1172 1231 prima

124 1241 169 1309 ad
199 1240 396 1334 Philippum
424 1240 545 1337 legatio
573 1243 807 1336 mitteretur‚*)
831 1245 924 1321 cuius
945 1242 1071 1335 primas
1091 1268 1172 1337 par-

124 1363 175 1416 tes
205 1345 406 1428 Aeschines,
440 1340 659 1423 Philocrates
676 1365 777 1440 atque
805 1338 1046 1415 Demosthenes
1077 1372 1173 1414 exce-

125 1467 252 1542 perunt
273 1451 403 1534 (Aescb.
426 1479 460 1519 π.
482 1477 622 1540 nnpnnp.
643 1475 678 1542 p.
702 1452 755 1519 30.
778 1455 859 1542 sq),
882 1449 994 1520 medlo
1015 1451 1087 1519 fere
1113 1452 1172 1519 Ol.

75 1640 80 1650 .
130 1555 244 1622 CVIII
272 1580 300 1621 a.
333 1579 363 1621 a.
415 1556 625 1646 Agebatur
615 1579 653 1621 m
683 1554 925 1623 Macedonia
915 1578 952 1620 ιιι
982 1554 1102 1648 primis
1130 1554 1174 1621 de

130 1658 475 1752 Amphipoliprima·
492 1658 550 1726 illa
571 1658 656 1725 belli
677 1661 830 1744 materia,
848 1648 954 1752 quam
975 1676 1014 1725 ut
1034 1682 1176 1751 recupe-

130 1771 252 1847 rarent,
279 1764 501 1831 Athenienses
530 1763 699 1855 optabant.
749 1762 870 1831 Aeseh.
902 1759 936 1831 n.
969 1753 1109 1853 napanp.
1138 1789 1174 1855 p.

131 1869 185 1939 32.
229 1865 405 1960 Philippus
426 1891 599 1954 veronen
621 1866 745 1952 solum,
767 1886 806 1935 ut
827 1892 909 1961 quas
931 1869 1004 1961 ipse
1026 1859 1177 1952 dictaret,

130 1973 222 2066 pacis
245 1969 462 2058 conditiones,
484 1973 533 2042 eis
544 1973 766 2041 Athenienses
782 1971 989 2056 accederent,
1011 1971 1176 2065 cupiebat,

131 2100 248 2143 verum
270 2077 369 2142 etiam
390 2094 429 2142 ut
451 2098 523 2142 eam
546 2095 635 2144 certe
659 2094 693 2143 et
713 2077 788 2143 sine
808 2098 903 2142 mora
924 2094 1176 2168 componerent.

135 2181 245 2262 Quam
267 2180 310 2246 ob
331 2179 405 2244 rem
426 2179 623 2250 abeuntibus
646 2204 683 2246 ex
703 2179 904 2248 Macedonia
919 2180 1178 2263 Atheniensium

135 2281 270 2373 legatis,
293 2283 364 2373 ipse
393 2283 431 2347 iu
452 2272 630 2348 Thraciam
655 2308 733 2350 cum
755 2284 900 2350 exercitu
921 2283 1029 2365 solvit,
1052 2283 1096 2349 ad
1119 2282 1177 2351 de-

136 2382 335 2452 bellandum
363 2385 536 2453 Thracum
552 2407 679 2477 regem
707 2384 957 2476 Gersobleptem
989 2386 1123 2475 (Aesch.
1155 2387 1179 2456 l

136 2515 166 2558 e.
189 2515 226 2582 p..
247 2489 291 2579 39
318 2491 393 2572 in),
420 2488 522 2558 simul
550 2506 662 2559 tamen
688 2507 726 2556 ut
751 2489 973 2559 Athenienses
994 2508 1101 2573 metu,
1133 2515 1179 2558 ne

136 2594 382 2661 Chersonesum
397 2591 687 2687 aggrederetur,
660 2617 689 2660 s1
710 2592 971 2663 contradicendo
981 2617 1111 2663 moram
1131 2594 1182 2663 fa·-

136 2698 391 2779 cerent,ac1ius
413 2697 456 2763 ad
476 2721 612 2793 pacem,
647 2694 884 2791 quantoties,
914 2698 1181 2768 confirmandam

136 2800 370 2911 compelleret,
400 2806 644 2896 praereptaque
672 2825 736 2894 per
768 2814 887 2895 pacem
918 2790 1180 2895 Atheniensibus

136 2932 239 3000 opem
266 2904 398 2975 serendi
430 2905 585 2975 facultate
617 2905 765 2996 Thracia
799 2904 974 2975 commode
1002 2908 1180 3000 potiretur.

136 3011 357 3087 Athenienses
380 3028 497 3080 contra
523 3028 560 3081 ut
587 3027 650 3077 aut
671 2990 864 3103 aequiorem
890 3008 1073 3080 redderent
1096 3013 1182 3080 Phi

137 3115 282 3211 lippum,
305 3117 419 3182 autin
442 3113 645 3182 observanda
666 3138 751 3205 pace
771 3116 876 3205 magis
896 3112 1109 3208 religiosum,
1138 3115 1183 3184 de

140 3219 361 3321 convocandis
382 3220 530 3295 Athenas
552 3218 706 3293 omnibus
729 3216 890 3292 Graeciae.
916 3219 1103 3294 civitatibus
1125 3243 1185 3290 ιο·

140 3408 454 3440 μ--η-ν

186 3529 322 3610 ').Haeo
354 3531 458 3592 Aesch.
488 3551 524 3593 ex
554 3529 656 3592 ordine
684 3529 775 3594 refert
801 3532 832 3592 io
860 3554 904 3596 or.
933 3553 967 3595 π.
988 3551 1128 3615 nupero.
1150 3553 1184 3616 p.

229 3638 270 3694 29
293 3640 338 3700 sq.
387 3618 499 3683 Eadem
526 3620 631 3702 partim
658 3619 740 3682 affert
772 3641 816 3680 or.
844 3621 874 3680 in
903 3618 982 3681 Ctes.
1012 3643 1044 3702 p.
1073 3625 1112 3685 62
1144 3642 1184 3680 m.

227 3705 277 3769 Ab
307 3705 453 3766 actoribus
481 3707 676 3787 Neoptolemo
707 3719 736 3767 et
760 3707 946 3788 Aristodemo
979 3707 1186 3790 Ctesiphonte·

167 3844 169 3849 .
231 3812 292 3872 que
319 3793 466 3873 primum
473 3793 662 3856 Athenienses
690 3795 821 3859 incitatos
842 3811 920 3872 esse,
949 3808 983 3853 ut
1011 3792 1185 3879 legationem

231 3877 268 3941 ad
290 3878 459 3959 Philippum
478 3880 633 3956 mitterent,
654 3901 765 3963 eosque
792 3896 915 3942 ceteram
935 3881 1015 3972 pacis
1036 3863 1185 3963 agitandas

206 4018 217 4034 ,.
232 3986 328 4027 curam
350 3965 506 4028 Philocrati
527 3965 677 4034 tradidIsse
695 3969 909 4051 Demosthenes
935 3990 968 4030 ιτ.
990 3985 1130 4055 aucune.
1121 3986 1216 4061 «Pa,

233 4048 306 4129 ³44,
329 4053 402 4137 372,
422 4047 496 4129 44³

781 4171 787 4205 l
