2594 4672
574 285 730 394 ..372-
821 329 824 335 .

134 458 229 540 lium,
253 475 475 549 coeptumque
501 457 725 524 Demosthene
755 454 894 549 quidem
916 451 1062 534 auctore,
1086 476 1183 523 non-

135 563 216 632 dum
245 577 356 629 tamen
377 557 455 652 ipso
479 561 650 628 moenium
677 576 827 644 curatore
857 574 983 637 creato,
1012 559 1176 626 contiuuo

55 715 57 720 -
134 690 230 760 opus,
251 689 336 745 esse,
371 681 405 730 et
434 661 603 731 destinatis
638 660 740 728 semel
774 687 814 728 ex
847 662 972 727 aerario
1005 662 1177 752 pecuniis,

135 771 287 863 quamvis
308 790 387 836 mox
409 785 585 834 consecuta
607 791 668 858 pax
692 783 784 846 esset,
808 784 920 832 tamen
934 766 1177 842 continuatum.
1202 823 1203 826 ,

15 859 38 902 Ψ
137 872 367 959 Quamobrem
399 888 537 938 excunte
567 870 705 961 Olymp.
730 869 802 950 CX,
826 872 863 951 3,
896 893 997 962 opere
1019 869 1179 939 nondum

135 976 302 1057 confecto,
337 997 440 1042 novos
475 998 544 1040 esse
570 990 617 1040 'ex
643 971 776 1067 decreto
806 973 1040 1047 Demosthenis
1071 1000 1179 1058 τειχο-

134 1081 243 1158 ποιοῦς
276 1096 402 1164 creatos
438 1077 481 1144 ad
514 1101 598 1170 opus
630 1078 822 1169 insequenti
851 1099 938 1144 anno
973 1079 1187 1145 continuam-=

33 1186 34 1197 ’
135 1185 236 1269 dum3
272 1184 362 1251 iuter
394 1184 455 1251 hos
489 1179 626 1247 demum
659 1205 765 1271 novos
800 1183 973 1248 moenium
1006 1200 1178 1249 curatores

94 1370 96 1374 ι
134 1288 277 1357 electum
316 1288 415 1355 ctiam
448 1286 707 1378 Demosthenem
745 1310 831 1368 esse,
871 1286 948 1377 qui,
984 1309 1090 1377 quum
1120 1309 1191 1352 exa

134 1393 271 1460 haustae
303 1392 372 1458 iam
406 1407 558 1483 tempore
595 1389 749 1482 publicae
783 1391 946 1483 pecuniae
975 1406 1099 1471 essent,
1133 1389 1180 1457 ad

62 1510 67 1524 ‘
134 1485 383 1590 perficiendum
420 1519 504 1588 opus
524 1496 598 1562 ‘tria‘
630 1493 751 1561 talenta
784 1493 826 1561 de
863 1494 1001 1584 proprio
1033 1491 1178 1584 largitus

133 1618 220 1668 esset
252 1598 392 1693 Olymp.
424 1599 503 1680 CX,
544 1592 567 1684 4
603 1600 759 1679 ineunte,
797 1615 836 1666 ut
864 1598 905 1664 lis
935 1597 976 1664 ab
1005 1597 1179 1666 Aeschine

132 1705 261 1771 intenta
282 1702 417 1770 demum
438 1704 482 1768 sit
503 1701 652 1768 eiusdem
673 1704 880 1768 annimense
895 1699 1177 1793 Elaphebolione,

132 1826 224 1876 sexto
258 1808 334 1875 ante
361 1826 464 1898 quam
500 1824 650 1874 mortuus
688 1805 865 1898 Philippus
899 1822 984 1872 esset
1025 1829 1176 1899 eumque

133 1913 328 1978 subsecutus
354 1907 557 1977 Alexander.
614 1910 679 1992 Cui
710 1909 889 1977 institutae*
916 1910 1055 1975 actionis
1089 1928 1176 1977 tem-

130 2016 216 2107 pori.
238 2031 426 2107 competere
455 2019 544 2081 certe
569 2014 744 2080 Aeschinis
770 2012 1046 2080 re1·havidentur
1071 2013 1171 2080 haec':

131 2119 295 2206 &uarix-hp
323 2114 344 2204 ἦ
366 2117 447 2185 κατὰ
467 2123 559 2186 τοῦδε
579 2123 637 2185 τοῦ
658 2120 863 2207 ψηφίσματος
880 2116 1014 2213 Ιγραφή,
1043 2116 1082 2203 ἢν
1110 2116 1170 2201 οὐχ

130 2220 208 2311 ὑπὲρ
229 2228 287 2309 τῆς
307 2220 426 2300 πόλεως
445 2221 514 2318 ἄλλῖ
542 2219 621 2310 ὑπὲρ
649 2222 706 2306 iric
733 2225 777 2298 εἷς
793 2222 997 2309 Ἀλέξανδρον
1018 2220 1172 2300 ἐνδείξεώς

129 2351 169 2411 με
191 2324 254 2415 φῂς
274 2325 447 2412 ἆπενεγνεῖν
469 2326 514 2393 ’ἔτι
536 2328 695 2393 Φιλίππου
719 2327 847 2408 ζῶντος,
876 2328 948 2413 πρὶν
969 2325 1176 2414 Ἀλέξανδρον

130 2433 173 2507 εἷς
194 2428 251 2516 τῆν
272 2428 373 2516 ἀρχὴν
401 2436 593 2516 καταστῆναι
623 2431 673 2512 (in
701 2427 792 2495 *Ctes
821 2455 856 2521 p.
879 2431 920 2497 85
951 2430 1024 2519 in).
1073 2430 1176 2496 Obii-

130 2535 238 2601 ciebat
270 2533 512 2601 Demosthenes
540 2532 717 2613 Aeschini,
747 2530 854 2624 quod-
872 2533 1037 2600 actionem
1068 2534 1177 2601 studii

130 2640 168 2704 in
204 2634 434 2704 Alexandrum
469 2636 658 2704 ostentandi
695 2661 793 2703 causa
828 2638 1042 2719 instituisset,
1079 2627 1176 2730 quod

130 2741 276 2808 obiicere
297 2741 409 2806 minus
431 2763 532 2831 posse
553 2738 721 2821 videatur,
753 2742 782 2807 si
804 2765 901 2808 causa
922 2737 1033 2809 delata
1055 2741 1099 2808 ad
1121 2740 1176 2809 arss

129 2845 287 2911 chontem
314 2832 362 2912 sa
389 2843 657 2936 Elaphebolione
681 2843 820 2938 Olymp.
844 2843 918 2925 CX,
942 2845 979 2927 3,
1008 2844 1173 2936 duodevi-

129 2949 213 3041 ginti
243 2952 372 3016 menses
402 2965 479 3015 ante
511 2965 654 3016 mortem
676 2946 844 3041 Philippi,
879 2964 937 3014 aut
967 2948 1173 3017 Aeschinem

69 3120 71 3124 .
128 3056 226 3137 ce'rle·
247 3054 379 3137 mireris
415 3051 460 3119 ad
488 3053 709 3146 opprobrium
742 3049 833 3119 istud
866 3047 1051 3119 accuratius
1083 3052 1173 3122 desi-

127 3155 301 3248 gnandum
315 3159 486 3226 institutae
500 3158 639 3247 actionis
652 3174 783 3248 tempus
799 3155 1034 3250 dereliquisse,
1046 3181 1172 3253 nempe

127 3259 221 3354 quod
241 3262 385 3331 biennio·
402 3263 472 3330 fere
503 3280 578 3331 ante
600 3279 743 3330 mortem
769 3260 923 3352 Philippi
955 3260 999 3326 ad
1028 3263 1172 3330 archon-

127 3382 196 3433 tem
217 3361 325 3432 delata
346 3368 399 3434 sit
443 3364 490 3432 At
510 3367 592 3433 haee
606 3362 800 3458 explicanda
813 3383 891 3432 sunt
913 3360 979 3432 alio
1004 3363 1170 3459 quocum-

127 3482 195 3563 que
216 3467 328 3544 modo,
371 3468 429 3539 Ad
456 3468 694 3562 pervertendos
724 3469 909 3561 superiores
938 3468 1086 3538 calculos
1108 3493 1171 3539 no-

113 3591 211 3643 stros
243 3571 354 3641 valere
385 3591 473 3641 certe
496 3597 566 3642 non
599 3581 776 3665 possunt,¹
804 3597 886 3664 quos
922 3574 982 3665 qui
1014 3592 1170 3643 accurate

34 3737 37 3740 .
126 3678 304 3746 excusserit
336 3699 414 3744 eum
440 3679 495 3745 vix
523 3675 731 3745 crediturum
758 3677 920 3761 arbitror,
956 3677 1087 3747 decimo
1112 3677 1171 3745 de-

124 3805 220 3850 mum
240 3799 354 3849 mense
374 3798 457 3873 ⁴post
479 3779 608 3850 cladem
636 3779 679 3848 ad
711 3780 940 3870 Chaeroneam
967 3783 1170 3850 Demosthe-

124 3910 205 3954 nem
225 3881 393 3955 moenium
415 3909 485 3954 esse
506 3903 692 3954 curatorem
715 3884 868 3969 electum,
891 3881 994 3978 idque
1021 3885 1065 3952 ad
1088 3910 1170 3954 con-

57 4030 59 4035 *
124 3983 335 4059 durandum
362 4014 421 4058 seu
441 3989 690 4075 absolvendum
718 4013 812 4083 opus.
840 4020 847 4075 ·.'
861 3991 1038 4082 Repugnat
1064 3993 1170 4083 igitur

117 4096 178 4166 'itti
206 4096 381 4190 opinioni,
405 4117 451 4169 ne
479 4095 523 4164 ad
554 4093 791 4167 Chaerondam
820 4095 1027 4187 confugiam,
1062 4120 1169 4190 quem
