2594 4672
475 223 477 226 ·
567 229 724 333 ..au

125 411 201 464 sent
223 419 265 461 an
286 415 399 485 parva,
423 391 460 459 id
481 394 685 480 tameninde
709 417 913 486 consequens
936 412 994 474 est,
1017 421 1087 464 non
1108 423 1170 492 po-

124 500 227 566 tuisse
257 499 324 564 nisi
357 521 445 564 anno
474 501 642 589 superiori
671 517 817 568 exeunte·
840 497 1004 566 eiusmodi
1025 505 1170 592 promis-

124 627 243 683 suma
265 599 423 693 Philippo
445 619 522 668 esse'
539 602 674 683 sactum,
699 627 806 695 quum
821 602 940 670 festum
956 600 1042 668 illud
1055 629 1169 672 mense

123 706 414 772 Hecatombaeone
437 703 669 773 celebrarem.
714 706 756 773 V.
781 705 916 793 Corsini
933 707 977 786 JF.
1002 709 1041 772 A.
1066 710 1101 773 Ρ.
1126 711 1168 790 II,

123 833 160 901 Ρ.
184 808 257 896 357.
275 806 427 873 „Bockh
456 807 640 905 Oeconom.
665 811 725 875 civ.
754 808 834 876 Aah.
857 809 934 876 Vol.
965 809 1014 889 ΙΙ,
1040 836 1075 899 p.
1110 813 1167 879 165

125 935 201 1002 sqq.
246 910 466 978 Exaeerbatos
489 931 598 978 autem
622 915 706 979 tristi
720 912 941 982 phocensium
956 909 1052 976 clade
1068 912 1170 978 Athe-

124 1017 259 1093 nienses
281 1038 344 1079 nec
367 1014 498 1082 theorcs
521 1014 564 1080 ad
589 1015 686 1083 ludos
709 1014 877 1106 Pythicas,
898 1038 963 1083 neo
981 1010 1104 1104 legatos
1127 1016 1170 1081 ad

125 1117 390 1208 Amphictyones
421 1117 550 1183 misisse
583 1117 825 1184 Demosthenes
855 1117 936 1183 dicit
968 1144 1000 1184 τι.
1029 1144 1168 1206 πορατιρ.

124 1248 161 1314 p.
184 1223 257 1290 380.
302 1220 435 1311 Pythici
453 1219 524 1286 ludi
536 1237 646 1286 autem
660 1239 765 1312 quum
787 1223 884 1288 tertio
898 1244 1035 1312 quoque
1050 1221 1175 1313 olym-f

123 1328 204 1421 pico
228 1348 315 1391 anno
331 1321 589 1404 celebrarentur,
611 1347 681 1389 non
697 1343 836 1415 possunt
849 1322 917 1405 illa,
941 1350 1025 1416 quae
1048 1345 1170 1406 sortem

125 1431 216 1497 hanc
237 1429 461 1495 Phocensium
481 1444 745 1522 praecesserunt,
757 1430 805 1504 ,in
826 1426 930 1495 alium
942 1452 1067 1494 annum
1091 1454 1171 1496 con-

124 1533 224 1613 terri,
259 1533 326 1598 nisi
354 1535 391 1597 in
422 1530 562 1624 Olymp.
595 1531 712 1620 CVlll.
730 1529 1040 1624 secundum,¹unde
1071 1535 1170 1624 etiam
1211 1575 1212 1579 =

125 1636 357 1704 Panathenaea
378 1633 436 1701 illa
458 1659 578 1728 magna
600 1659 680 1717 esse,
703 1633 924 1722 manifestum‘
937 1653 995 1702 est.

215 1742 255 1808 In
286 1757 376 1807 tanta
410 1764 488 1808 vero
522 1758 711 1831 temporum
744 1740 991 1831 conspiratione
1025 1758 1058 1809 et
1092 1762 1171 1806 con-

127 1845 248 1912 stantia
271 1844 354 1935 quid
377 1842 596 1919 iudicandum
620 1860 681 1910 est.
697 1843 740 1909 de
769 1844 911 1909 decretis
933 1841 1015 1925 illis,
1048 1845 1171 1911 Demo-

126 1947 251 2014 sthenis
283 1945 325 2012 de
355 1949 550 2038 maturanda
576 1946 761 2039 legatorum
781 1946 989 2039 profectione
1018 1946 1076 2032 (de
1103 1971 1170 2019 cor.

126 2071 170 2144 pa,
186 2052 272 2134 235),
297 2048 509 2118 Callisthenis
532 2052 574 2117 dc
598 2052 747 2119 excubiis
773 2050 918 2143 fugaque
941 2075 981 2118 ex
1010 2054 1094 2142 agris
1118 2077 1171 2118 ca-

127 2153 291 2248 pessenda
320 2153 418 2242 (ibid.
446 2180 481 2244 p.
506 2157 600 2244 238);
629 2153 715 2246 quid
743 2153 785 2220 de
809 2179 862 2235 ea,
897 2181 998 2246 quam
1024 2180 1107 2247 prae
1137 2179 1171 2222 se

128 2257 253 2338 ferunt,
274 2259 434 2347 temporis
462 2258 561 2322 nota?
603 2259 689 2346 Nam
723 2276 761 2324 ut
792 2269 919 2325 taceam'
948 2256 990 2325 de
1012 2261 1171 2326 archonte

129 2359 355 2451 Mnesiphilo,
396 2361 531 2451 utrique
560 2360 724 2451 praefixo,
756 2358 844 2425 illud
860 2361 1171 2438 ¹Hecatomhaeonis
1211 2349 1213 2352 Α

130 2465 248 2546 XXX,
281 2462 422 2530 alterum
446 2464 735 2530 Maemacterionis
760 2464 842 2530 XXI
865 2462 969 2530 latum
991 2464 1106 2532 fertur.
1129 2506 1172 2520 -

130 2568 293 2635 Corsinus
315 2568 365 2650 (F.
390 2570 430 2632 A.
455 2565 521 2632 diss
556 2567 621 2647 Ill,
645 2592 672 2632 o.
702 2568 796 2635 13et
823 2576 883 2658 17),
907 2592 945 2636 eo
969 2592 1070 2658 quem
1092 2571 1173 2662 pro-

126 2673 300 2764 posuimus
330 2670 449 2738 ordine
479 2694 593 2740 rerum
628 2689 819 2764 perspecto,
856 2666 985 2738 nodum
1013 2671 1172 2740 facillime

128 2776 272 2855 dirimit,
305 2799 410 2867 quum
437 2776 474 2840 in
507 2791 650 2866 utroque
680 2774 813 2843 decreto
844 2778 1010 2842 mensium
1033 2781 1171 2845 nomina

129 2879 328 2973 dierumque
350 2901 508 2946 numeros
537 2879 757 2972 expungenda
788 2898 921 2960 censeat
948 2904 1034 2961 esse,
1068 2884 1172 2975 inque

127 2982 186 3052 illo
208 2992 254 3077 (p.
278 2983 436 3072 235)1aut
457 2987 684 3080 Μουνυχιῶνος
710 2988 819 3074 τρίτῃ,
854 2985 883 3050 si
915 3007 953 3050 eo
982 2983 1083 3075 legati
1105 2989 1172 3055 iam

127 3087 263 3181 pridem
292 3085 388 3153 electi
417 3087 509 3152 abire
537 3088 618 3154 iussi
651 3089 736 3167 sint,
775 3106 832 3153 aut
858 3090 887 3153 si
916 3087 960 3153 ad
987 3087 1173 3179 legatorum

128 3192 333 3258 creationem
354 3207 490 3282 spectet,
508 3189 779 3278 Ἐλαφηβολιῶνος
797 3189 908 3279 laudan
920 3194 1110 3280 φθίνοντος,
1134 3197 1172 3261 in
1209 3246 1219 3259 .

111 3293 343 3362 ‘Callisthenis
367 3294 478 3376 autern
505 3291 639 3360 decreto
663 3298 914 3384 Σκιροφοριῶνος
939 3297 1064 3385 τετράδι
1092 3303 1173 3386 φθί-
1225 3375 1229 3378 ,

127 3424 238 3476 νοντος
266 3397 520 3464 rescribendum
549 3414 726 3489 proponat.
777 3397 845 3464 Nos
879 3423 955 3467 vero
986 3401 1023 3466 in
1053 3404 1171 3494 priori,

128 3501 384 3583 Demosthenis,
415 3500 549 3569 decreto
582 3503 720 3569 nonnisi
752 3505 979 3587 Μουνιχιῶνος
1000 3508 1090 3594 τρίτῃ
1119 3530 1173 3572 re-

128 3606 326 3697 ponendum
359 3628 429 3700 esse
444 3630 560 3698 supra
588 3602 780 3690 docuimus3
809 3607 846 3672 in
876 3610 951 3699 quo
973 3626 1084 3675 tamen
1112 3610 1173 3676 du-

128 3712 225 3779 bium
246 3710 454 3805 reliquimus,
478 3734 566 3778 anne
586 3711 659 3802 ipse
681 3709 921 3779 Demosthenes
945 3711 987 3778 de
1009 3712 1173 3781 industria

128 3816 254 3883 iustum
272 3833 404 3905 tempus
421 3812 616 3907 depravarit.
662 3813 762 3898 Quod
777 3810 888 3895 tamen
903 3816 946 3882 ad
961 3814 1172 3883 Callisthenis

130 3919 303 3997 decretum
325 3919 457 4001 attinet,
485 3921 524 3985 in
554 3941 593 3988 eo
623 3936 759 3985 rectene
782 3918 957 4002 Corsinus,
981 3921 1035 3987 cui
1057 3919 1175 3986 adsen-
1269 3945 1270 3948 ¹

130 4027 214 4097 titur
236 4021 400 4116 Taylorus
419 4021 506 4112 (not.
540 4021 584 4090 ad
605 4047 653 4092 or.
682 4023 725 4089 de
748 4048 816 4092 cor.
836 4049 870 4117 p.
895 4014 992 4112 235),
1025 4029 1176 4095 nlensem
