2580 4680
565 246 723 352 go-

119 435 225 507 quam
247 410 392 480 scribam
406 414 544 482 recitare
556 414 789 484 Demosthenis
804 415 976 485 decretum
989 412 1032 484 de
1047 438 1164 486 crean-

119 517 174 585 dis
194 517 368 585 moenium
389 518 596 584 curatoribus
624 519 755 605 iubent,
781 521 871 614 ipse,
905 541 973 612 quo
1005 520 1049 587 sit
1078 538 1162 590 tem-
1264 526 1266 532 ’

119 645 205 716 pore
233 618 353 702 lutum,
387 617 536 690 definiat
586 622 717 716 Nempe
753 625 821 691 iam
857 621 958 716 paulo
989 642 1084 692 nutes
1112 627 1161 718 (p.

120 730 165 818 57
196 723 300 809 med.)
338 723 498 793 docuerat
535 726 733 809 Aeschines,
770 728 929 795 archonte
963 726 1163 796 Chaerondu
1197 730 1200 735 ’

117 853 237 899 mense
249 830 480 924 Pyinepsione
502 829 758 923 Ctesiphontem
777 829 886 926 legem
908 829 1020 898 tulisse
1042 830 1086 899 de
1107 857 1162 901 co-

117 931 274 1004 ronando
297 933 534 1016 Demosthene,
556 932 661 1026 idque
686 935 799 1004 invitis
821 934 961 1026 legibus,
983 934 1076 1027 quod
1094 939 1163 1004 De-

120 1038 310 1107 mosthenes
333 1056 406 1106 tum
426 1037 537 1104 adhuc
559 1038 700 1106 theorici
730 1037 1017 1107 administratione
1044 1038 1163 1132 funge-

119 1160 226 1225 retur,
249 1166 350 1234 quam
371 1142 554 1234 suscepisse
587 1166 665 1209 eum
686 1141 804 1209 eodem
827 1140 1036 1224 Chaeronda,
1058 1144 1160 1210 nimi·

118 1269 206 1313 rum-
223 1247 335 1338 primo
363 1246 443 1311 anni
474 1268 604 1326 mense,
634 1245 748 1312 multis
777 1244 819 1312 de
849 1227 956 1312 cussis
989 1246 1162 1339 probabile

119 1353 222 1437 σοι’)
266 1347 350 1415 Inde
383 1349 543 1416 continuo
573 1348 691 1416 transit
715 1346 760 1416 ad
791 1357 965 1433 τειχοποιοῦ
994 1373 1115 1418 munus
1143 1379 1162 1417 a

119 1451 345 1521 Demosthene
384 1451 656 1527 administratum
689 1449 794 1543 idque
826 1455 928 1520 etiam
957 1450 1111 1520 nondum
1144 1478 1180 1550 a¹

166 1714 192 1805 ')
211 1721 367 1781 Aeschines
388 1741 432 1781 or.
455 1720 485 1778 in
507 1717 586 1780 Ctes.
608 1741 640 1802 p.
663 1720 705 1799 57
727 1717 803 1779 med.
831 1713 887 1780 καί
908 1737 964 1797 μοι
988 1711 1159 1798 ἀνάγνωθι,

207 1809 262 1883 ait,
283 1804 332 1867 ini
354 1802 438 1878 τίνος
459 1801 612 1887 ἄρχοντος
638 1802 690 1866 snt
716 1801 808 1866 nolon
836 1799 936 1885 μηνὸς
961 1802 1013 1866 snt
1040 1802 1073 1866 ἐν
1101 1803 1162 1864 slas

207 1885 310 1979 ἡμέρᾳ
330 1890 381 1954 καὶ
404 1890 437 1953 ἐν
461 1891 537 1978 ποίᾳ
564 1888 710 1979 ἐκκλησίᾳ
739 1886 960 1974 ἐχειροτονήθη
986 1887 1161 1972 Δημοσθέ-

209 2001 265 2059 νης
285 1975 343 2059 τὴν
363 1973 464 2061 ἀρχὴν
485 1975 543 2059 τὴν
570 1976 617 2040 tut
646 1982 691 2063 τῷ
722 1980 875 2064 θεωρικῷ.
919 1980 1059 2062 Sequitur
1090 1976 1161 2039 δια-

208 2062 356 2147 λογισμὸς
383 2069 447 2127 τῶν
474 2058 608 2146 ἡμερῶν.
658 2067 732 2144 Ηίο,
767 2066 888 2144 dixeris,
919 2065 981 2126 dies
1008 2068 1161 2137 numerari,
1254 2072 1256 2083 ’

208 2156 262 2236 qui
290 2156 365 2214 inter
394 2168 559 2236 susceptum
586 2175 603 2212 n
630 2155 827 2214 Demosthene
853 2175 957 2214 munus
985 2168 1014 2215 et
1035 2153 1160 2212 intuma

208 2241 398 2322 Ctesiphonte
420 2238 568 2298 decretum
590 2241 816 2313 intercesserint,
844 2239 923 2300 unde
952 2241 1065 2300 nonnisi
1087 2261 1162 2322 pau·

207 2329 248 2388 cis
270 2327 374 2386 diebus
396 2341 460 2384 ante
482 2325 715 2407 Pyanepsionem
733 2325 823 2385 XXII
843 2347 947 2385 munus
968 2325 1042 2385 illud
1063 2348 1186 2386 susce-⁷
1272 2393 1275 2396 ,

206 2417 284 2496 pisse
311 2413 535 2473 Demosthenem
565 2411 775 2472 coniiciendum
796 2413 847 2488 sit,
880 2413 979 2494 itaque
1008 2415 1076 2493 post
1103 2413 1162 2472 cla-

207 2500 274 2561 dem
295 2499 334 2559 ud
355 2500 565 2571 Chaeroneam,
588 2498 668 2558 aliter
686 2500 762 2558 enim
782 2520 841 2560 uon
862 2492 1064 2578 διαλογισμὸν
1083 2489 1162 2576 ἦμε-

207 2590 282 2667 ρῶν,
306 2585 359 2647 sed
376 2578 501 2666 χρόνων
522 2584 791 2646 institutumsuisse.
835 2587 875 2647 Et
895 2591 1071 2667 potuitssne
1092 2605 1162 2644 cen·
1212 2647 1218 2657 ‚

206 2690 268 2734 tum
289 2675 378 2733 minas
410 2672 471 2732 illas
498 2672 596 2755 largiri
624 2673 798 2756 singularum
829 2671 960 2733 tribuum
984 2673 1092 2733 theuris
1113 2685 1162 2730 aut

206 2763 408 2842 mysteriorum
440 2760 633 2835 solemnitate,
664 2781 761 2820 mense
790 2759 1023 2836 Boedromione,
1059 2773 1108 2821 aut
1137 2759 1162 2818 si

207 2850 273 2932 ipso
295 2847 410 2907 demum
431 2847 632 2929 Pyanepsione
653 2847 763 2908 electus
784 2847 887 2922 bresit,
915 2846 1163 2928 Thesmophoriis,

207 2957 284 3019 quse
306 2934 412 2994 inde'a
433 2933 634 3015 Pyancpsione
656 2934 731 2994 xlv
752 2933 981 2995 celebrabantur.
1023 2931 1083 2993 Sed
1097 2934 1162 2992 De-

207 3024 370 3082 mosthenes
391 3042 435 3081 or.
457 3019 495 3079 de
518 3042 580 3082 cor.
602 3042 634 3102 p.
658 3023 723 3105 30'9
752 3036 887 3103 quonum
907 3019 1052 3101 populus,
1079 3017 1162 3080 clade

207 3112 254 3169 vix
284 3124 417 3190 accepte,
449 3106 581 3167 fiduciam
610 3108 640 3165 in
661 3129 693 3166 se
715 3108 862 3189 posuerit,
893 3107 1012 3188 copiose
1041 3121 1161 3166 enarrat.

207 3196 348 3257 Theorici
369 3209 464 3255 autem
485 3191 699 3253 administrandi
728 3215 832 3253 munus
862 3207 985 3274 quantae
1005 3194 1161 3255 auotorita-

208 3285 245 3343 tis
275 3282 377 3355 suerit,
410 3281 566 3343 Aeschines
588 3279 675 3338 docet
697 3280 725 3338 in
748 3280 828 3341 Ctes.
850 3302 883 3362 p.
907 3281 958 3358 57.
980 3278 1057 3343 med.
1102 3273 1161 3337 lta·

209 3392 269 3452 que
297 3371 321 3430 si
349 3369 405 3429 sibi
432 3389 536 3428 munus
570 3366 642 3426 illud
678 3366 761 3426 breti
795 3381 862 3449 post
892 3365 1003 3426 cladem
1036 3365 1162 3425 delatum

91 3454 95 3469 '
208 3457 319 3532 fuisset,
339 3454 515 3516 enotsndum
537 3457 593 3515 hoc
615 3469 692 3514 certe
715 3455 734 3515 l.
756 3477 782 3516 c.
794 3454 1004 3514 Demosthenes
1026 3473 1085 3511 non
1107 3449 1162 3509 de·

208 3544 382 3627 reliquisset.
426 3543 522 3623 Quam
544 3543 667 3604 obrem
688 3542 768 3602 alind
789 3542 863 3600 valet
886 3540 934 3601 ille
964 3530 1163 3618 διαλογισμὸς

208 3633 273 3692 τῶν
300 3622 435 3712 ἡμερῶν.
479 3634 593 3713 Nempe
623 3628 770 3692 confertur
799 3627 861 3686 dies
868 3671 878 3700 ,
909 3649 971 3710 quo
999 3638 1164 3705 susceptum
1241 3646 1244 3651 ·

209 3740 226 3777 a
255 3720 451 3778 Demosthene
481 3738 584 3778 munus
606 3732 665 3792 est,
689 3737 764 3776 ·cum
786 3735 839 3790 eo,
872 3736 933 3795 quo
961 3713 1049 3772 iatum
1076 3724 1119 3770 est
1147 3729 1164 3768 a

210 3804 400 3888 Ctesiphonte
429 3804 597 3878 decretum,
633 3818 666 3864 nt
697 3802 810 3863 videant
837 3800 964 3876 iudices,
990 3801 1049 3860 hoc
1076 3797 1165 3857 latum
1217 3862 1228 3887 ἱ

212 3912 290 3967 esse,
318 3913 410 3973 quum
428 3912 568 3951 ·annuum
598 3886 722 3951 muneris
752 3888 877 3972 spatium
904 3885 1033 3947 nondum
1054 3884 1166 3945 exierit,

212 3981 349 4038 Annuum
375 3977 452 4037 enim
482 4000 584 4038 munus
612 3977 685 4039 iilud
716 3976 803 4036 fuisse
830 3989 1051 4035 consentaneum
1072 3970 1113 4030 ob
1134 3967 1167 4029 id

213 4067 331 4126 marinio
354 4079 406 4142 est,
429 4064 512 4148 quod
533 4066 710 4148 magistratus
735 4063 806 4127 alios
828 4082 893 4122 cum
920 4061 971 4121 illu
1000 4059 1168 4122 coniunctos
