2594 4672
128 421 267 491 decreto
288 434 403 490 nostro
424 419 547 515 liquet,
579 437 651 490 tum
682 419 776 516 qnod
804 419 896 516 apud
916 419 1118 490 Aeschinem
1141 453 1173 493 n.

127 551 272 615 παραπρ.
292 550 338 619 Ρ.
351 527 395 617 39
414 527 488 594 init.
532 524 808 617 Elaphebolionis
831 525 886 593 die
908 526 1028 595 XXIV
1049 529 1175 596 Demo-

126 631 265 699 sthenes
288 629 455 724 proedrns
484 628 584 697 fuisse
612 627 754 710 dieitur,
783 630 845 722 qui
874 630 947 722 ipse
969 629 1175 700 Pandionidi

128 736 236 803 tribui
266 751 334 800 erat
355 757 521 801 accensus.
566 730 667 799 Unde
688 733 901 802 manifestum
931 750 981 800 est
1008 758 1047 803 eo
1074 759 1174 818 anno,

128 840 211 932 qui,
239 854 277 906 ut
297 837 385 904 infra
407 839 473 927 (nr.
497 837 563 930 sq.)
586 835 817 919 ostendemus,
840 835 898 904 01.
922 836 1036 906 CVIII
1056 864 1176 907 secun-

128 943 194 1010 dus
216 941 297 1024 fuit,
326 942 454 1011 tribum
482 938 729 1008 Pandionidem
750 958 904 1010 octavum
934 941 973 1007 in
1001 947 1175 1034 prytanin-

126 1070 209 1115 rum
229 1049 315 1113 serie
336 1045 450 1113 locum
471 1045 672 1125 obtinuisse,
701 1043 822 1137 idque,
855 1068 962 1139 quum
984 1069 1090 1114 annus
1112 1049 1173 1116 ille

127 1147 338 1219 intercalaris
358 1171 429 1218 non
458 1149 561 1216 fuerit
586 1148 629 1237 (v.
655 1147 753 1217 tabul.
777 1147 865 1241 cycli
886 1150 1015 1218 Meton.
1038 1153 1077 1218 in
1098 1152 1174 1219 Ide-

126 1252 194 1323 leri
215 1250 390 1320 Enchirid
421 1250 573 1319 chronol.
600 1249 675 1320 Vol.
699 1253 749 1340 Ι),
771 1278 791 1320 a
820 1252 877 1321 die
898 1252 1173 1346 Elaphebolionis

127 1357 250 1429 XIseu
273 1356 351 1424 XII.
396 1355 448 1424 CI.
463 1354 685 1424 Schoemann.
701 1355 743 1423 de
754 1358 867 1425 comit.
881 1382 916 1450 Ρ.
928 1357 983 1444 48.
1026 1360 1172 1428 Boeckh.

128 1462 260 1532 Oecon.
288 1460 368 1528 Ath.
383 1459 463 1538 civ.
484 1457 561 1526 Vol.
591 1460 639 1542 ΙΙ,
665 1484 701 1552 Ρ.
732 1461 802 1529 ιὸο.
846 1458 929 1526 Inde
957 1484 1036 1531 vero
1063 1490 1081 1531 a
1104 1467 1172 1532 XII

126 1563 406 1659 Elaphebolionis
434 1563 491 1630 die
520 1562 761 1655 Dionysiorum
790 1561 953 1632 solemnia
985 1566 1173 1636 intercede-

128 1671 221 1752 bant,
244 1669 533 1763 quihus'peraotis
556 1684 595 1736 ut
614 1666 809 1761 Elaphebol.
833 1669 949 1737 XVIII
971 1685 1006 1738 et
1025 1661 1106 1739 XIX
1128 1674 1171 1740 de

128 1799 219 1871 pace
239 1775 277 1840 in
304 1775 448 1843 comitiis
471 1773 631 1841 continuo
653 1788 822 1865 ageretur,
851 1772 1092 1844 Demosthenes
1114 1775 1172 1844 de-

129 1870 287 1948 creverat
309 1876 430 1946 Aesch.
459 1877 498 1942 in
521 1875 622 1955 Ctes„
638 1902 674 1970 Ρ.
703 1878 745 1948 63
773 1903 820 1945 m.
849 1895 883 1946 et
910 1905 944 1948 π.
966 1906 1104 1971 παραπρ.
1134 1907 1169 1976 Ρ.
1271 1871 1273 1875 ’

129 1985 176 2056 36
196 1983 243 2049 in.
287 1980 400 2048 Prima
413 1981 527 2073 igitur
548 1983 684 2062 concio,
707 2006 810 2076 quam
832 1980 1005 2052 decretum
1026 1980 1170 2069 exhibet,

128 2088 217 2156 facta
238 2102 328 2187 esset
343 2080 536 2177 Elaphebol.
559 2084 615 2153 die
639 2087 766 2154 XVIII.
810 2088 857 2156 At
882 2078 922 2157 eo
945 2088 1003 2156 die
1023 2087 1065 2159 de
1086 2115 1170 2184 pace

130 2187 353 2261 consultatum
373 2187 473 2267 modo
496 2205 554 2271 est,
576 2189 661 2258 saeta
682 2190 793 2261 autem
814 2216 881 2284 pax
906 2209 956 2261 est
984 2209 1021 2261 et*
1046 2196 1171 2261 confir-

131 2311 223 2361 meta
243 2293 432 2384 insequenti
454 2289 590 2359 demum
611 2293 685 2377 die,
712 2292 910 2389 Elaphebol.
940 2297 1041 2364 XIX:
1070 2296 1092 2385 ἦ
1112 2302 1171 2384 μὲν

132 2392 239 2491 εἰρήνη
254 2395 523 2485 Ἐλαφηβολιῶνος
538 2392 692 2487 dorimini
702 2399 776 2467 δέκα
787 2401 915 2486 ἐγένετο.
949 2398 1119 2468 Demosth.
1135 2429 1169 2469 ιι.

129 2504 286 2593 παρααρ..
293 2525 329 2594 Ρ.
351 2501 426 2591 359.
470 2500 582 2569 Idem:
601 2500 653 2581 ἐἰς
674 2501 732 2589 τὴν
751 2500 928 2591 ὑστεραίαν,
951 2503 984 2571 ἓν
1004 2493 1027 2593 ᾗ
1047 2501 1105 2588 τὴν
1126 2505 1170 2570 εἰ·

128 2604 230 2693 ρήνην
249 2605 309 2673 ἴδει
328 2610 505 2695 κυροῦσθαι
526 2604 549 2672 l.
573 2629 602 2674 c.
622 2630 658 2699 p.
682 2605 761 2693 3453
788 2614 828 2699 τῇ
856 2608 914 2694 μέν
939 2607 1079 2699 προτέρᾳ
1106 2613 1171 2674 τῶν

127 2711 296 2797 ἐκκλησιῶν
323 2709 546 2794 οομβονιιῦιιν
572 2709 629 2779 τὸν
656 2711 863 2798 βουλόμενον,
896 2716 937 2805 τῇ
967 2714 994 2780 ’δ’
1020 2709 1170 2804 ὑστεραίᾳ

73 2832 77 2837 ’
125 2812 206 2891 τοὺς
235 2813 408 2904 προέδρους
447 2815 644 2903 ἐπιψηφίζειν
674 2814 739 2895 τὰς
762 2813 903 2903 γνώμας,
939 2814 1033 2902 λόγον
1064 2818 1098 2882 δὲ
1123 2816 1169 2902 μὴ

125 2920 322 3004 προτιθέναι.
373 2917 494 2985 Aesoh.
527 2945 560 2986 π.
591 2943 730 3008 παρααρ.
762 2944 796 3012 p.
833 2920 876 2988 36
907 2918 995 2986 med.
1049 2917 1101 2984 Cf.
1132 2923 1169 2984 in

127 3020 219 3088 Ctes.
239 3044 274 3114 Ρ.
295 3021 351 3091 63.
396 3020 490 3089 Nova
511 3021 717 3113 igitur'inde
739 3008 866 3091 decreti
889 3041 923 3092 et
943 3044 1039 3089 verae
1054 3045 1167 3088 rerum

125 3121 333 3193 conditionis
355 3126 462 3193 oritur
484 3122 724 3218 discrepantia,
747 3151 833 3218 quae
856 3123 1019 3194 eiusmodi
1043 3145 1110 3207 est,
1132 3146 1170 3193 ut

125 3225 353 3295 dubitandum
374 3229 442 3296 iam
464 3228 523 3310 sit,
554 3227 723 3308 decretum
749 3229 815 3298 hoc
837 3248 952 3298 utrum
971 3253 1011 3296 re
1031 3256 1107 3298 vera
1130 3256 1170 3300 ex

125 3330 248 3399 tabuiis
269 3331 414 3424 publicis
437 3330 683 3426 deprompserit
703 3333 955 3416 Demosthenes,
977 3359 1020 3401 an
1043 3360 1080 3402 ex
1099 3359 1170 3401 me-

105 3437 288 3545 'memoria
310 3439 555 3527 conscripserit,
586 3454 688 3531 atque
709 3441 756 3506 ita
778 3439 1017 3530 composuerit,
1045 3456 1083 3506 ut
1103 3439 1169 3506 sihi

125 3541 371 3633 opportunitati
399 3543 568 3634 praesenti
596 3543 805 3634 aptissimum
833 3540 1012 3610 videretur.
1057 3545 1171 3610 Poste-

123 3646 198 3713 rius
220 3645 249 3711 si
271 3656 481 3727 statueretur,
504 3666 538 3714 et
557 3645 708 3738 reliquae
732 3644 984 3739 discrepantiae,
1007 3670 1090 3738 quas
1112 3669 1171 3710 su-

122 3772 190 3843 pra
204 3750 470 3833 monstravimus,
487 3749 598 3815 lucem
617 3748 699 3816 inde
717 3747 873 3819 idoneam
888 3750 1170 3828 nanciscerentur,

125 3875 313 3945 carumque
341 3852 477 3921 fortasse
507 3854 664 3934 maxima,
694 3879 780 3946 quae
808 3855 845 3919 in
876 3854 1030 3947 quittque
1057 3851 1171 3942 legatis
1230 3898 1233 3903 -

116 3955 194 4025 illis
216 3954 332 4025 sedem
353 3981 447 4026 suam
469 3957 578 4024 hahet.
622 3959 753 4024 'Mirum
783 3959 875 4023 enim
896 3955 1042 4038 ‘omnino
1064 3952 1172 4022 videri

122 4079 248 4157 potest,
271 4061 365 4156 qood
385 4061 562 4154 legationis
576 4060 680 4163 ¹huius
693 4059 860 4151 secundae
874 4081 1041 4153 nusquam
1060 4063 1176 4130 incra
