2594 4672
656 279 701 353 65

156 449 338 536 συμμαχίαν
359 451 394 516 δι’
415 442 613 544 13333τὲ1113
634 450 796 518 ἀντεῖπον·
828 451 1090 546 'Thebanasque
1113 455 1201 524 solos

145 573 191 622 -et
205 557 344 646 ArgIvos
363 554 495 621 misisse
516 556 588 649 regi
602 554 750 622 subsidia
772 554 882 622 tradit
911 555 998 622 Sed
1015 553 1108 624 aliud
1129 561 1203 626 hel-

153 659 230 725 lum
252 683 329 725 eum
350 659 523 752 Aegyptiis
547 676 635 740 erat,
666 657 728 723 alia
752 659 858 751 Cypri
888 658 1043 742 defectio,
1077 666 1112 728 in
1136 688 1201 757 qua

154 760 380 854 opprimenda
394 764 614 828 Athenienses
632 784 769 853 quoque
792 757 903 854 copias
927 762 1079 848 adfuisse,
1102 770 1202 834 uber-

127 866 129 870 ’
153 868 261 934 rimus
284 867 373 933 testis
397 865 505 933 afferri
532 868 604 958 ipse
626 866 777 965 Phocion
804 884 933 958 posset,
961 869 1027 932 nisi
1051 873 1126 961 quis
1148 875 1202 938 ni-

154 972 223 1038 mia
249 968 413 1060 religione
443 970 562 1037 duetus
593 976 797 1052 occurreret,
826 972 1001 1037 invitatum
1032 998 1049 1037 a
1079 976 1199 1057 Persis,

119 1106 136 1129 κ
154 1072 251 1168 quod
271 1099 349 1140 sane
370 1091 475 1140 aetate
496 1075 558 1140 hac
581 1075 709 1166 saepius
732 1071 808 1139 fieri
830 1073 969 1155 solebat,
996 1074 1200 1145 Phocionem
1260 1152 1264 1160 ,

109 1264 111 1270 Ι
154 1178 270 1246 dicens
299 1176 519 1268 expeditionis
545 1177 635 1244 illius
659 1177 898 1263 Salaminiae
888 1179 1068 1284 tmperium
1090 1206 1200 1247 susce-

152 1286 254 1376 pisse.
300 1281 400 1349 Certe
422 1298 534 1347 tamen
555 1280 687 1346 nullum
709 1301 941 1374 argumentum
960 1285 1101 1374 reperiri
1125 1304 1200 1377 pot-

155 1404 217 1469 est,
241 1384 334 1480 quod
357 1384 400 1450 ad
420 1381 609 1476 negandam
631 1387 825 1477 opinionem
854 1386 992 1453 delatis
1024 1388 1064 1453 ab
1095 1391 1199 1456 Athe-

153 1490 330 1558 niensibus
359 1491 396 1554 in
428 1486 650 1581 expugnanda
682 1487 850 1554 Salamine
885 1489 1016 1556 auxiliis
1039 1490 1199 1558 idoneum

153 1597 207 1663 sit
252 1593 319 1662 Sed
342 1595 523 1685 quominus
551 1590 677 1657 decreti
705 1595 813 1660 nostri
841 1593 1087 1686 expeditionem
1109 1593 1200 1660 Sala-

154 1700 295 1766 miniam
317 1722 395 1784 cum
417 1695 476 1763 illa
499 1695 724 1776 conferamus,
755 1697 883 1764 obstare
908 1695 1127 1763 Charidemus
1150 1700 1198 1764 vi-

155 1801 270 1884 detur,
305 1827 407 1896 quem
440 1799 560 1867 eodem
595 1818 763 1890 tempore,
796 1799 935 1892 Olymp.
969 1800 1083 1882 CVII,
1108 1825 1138 1882 2,
1152 1804 1198 1867 ¹in

154 1907 401 1974 Chersonesum
414 1902 727 1971 abAtheniensihus
749 1904 887 1970 missum
911 1928 990 1985 esse,
1013 1930 1112 1998 supra
1134 1924 1199 1974 sta·

153 2014 280 2078 tuimus
303 2008 343 2076 ex'
365 2009 611 2109 Demosthsor.
637 2007 778 2098 Olynth.
803 2004 862 2089 III,
885 2034 918 2101 p.
943 2032 994 2098 29.
1040 2010 1085 2074 At
1108 2008 1198 2074 Chaa

152 2113 278 2181 ridemi
308 2112 383 2180 duo>
404 2130 514 2192 erant,
551 2130 589 2178 ut
618 2135 718 2204 supra
747 2113 938 2193 docuimus,
976 2112 1072 2179 Orita
1102 2111 1196 2191 alter,

154 2217 245 2285 alter
262 2216 492 2301 Atheniensis3
519 2216 577 2282 hic
599 2215 725 2283 decreti
746 2219 853 2285 nostri
877 2215 1112 2296 Charidemus,
1139 2213 1196 2282 ille
1291 2279 1294 2285 .

140 2336 194 2386 >et
223 2318 296 2408 ipse
331 2319 409 2386 civis
442 2320 652 2386 Atheniensis
682 2318 762 2386 inde
791 2321 832 2386 ab
867 2320 1006 2412 Olymp.
1039 2319 1135 2401 CVI,
1174 2317 1196 2404 4

156 2422 203 2514 (v.
233 2425 364 2514 supra),
395 2439 437 2504 et,
466 2425 496 2490 si
517 2426 725 2491 coniecturae
752 2424 846 2492 locus
870 2424 983 2505 detur,
1017 2423 1093 2515 post
1123 2446 1197 2489 ora-

152 2528 284 2596 tionem
305 2527 342 2591 in
357 2521 526 2610 Aristocr,
550 2528 607 2594 Ol.
625 2528 730 2610 CVII,
759 2553 785 2609 ι,
808 2530 845 2594 13
859 2528 1067 2620 Hellesponti
1088 2528 1197 2617 regio-
1247 2549 1248 2552 ¹

152 2633 255 2698 nibus
277 2629 341 2696 dux
364 2635 404 2697 ab
421 2629 679 2722 Atheniensibus
702 2637 909 2701 constitutus.
955 2631 1049 2698 Idem
1071 2633 1196 2697 etenim

151 2737 222 2803 iam
244 2733 355 2826 aliquo
379 2746 530 2827 tempore
552 2756 647 2804 antea
670 2738 921 2805 commendatus
935 2735 1195 2804 Atheniensibus

152 2840 196 2909 ad
219 2840 398 2942 imperium
420 2863 490 2908 osse
505 2838 633 2923 fertur,
646 2884 648 2889 ·
663 2861 701 2909 ut
723 2845 784 2935 qui
806 2843 894 2912 solus
922 2860 1033 2936 posset
1053 2840 1215 2930 Amphi-y

149 2943 249 3066 polin
264 2967 475 3036 recuperare,
498 2969 546 3012 or.
577 2947 615 3011 in
644 2948 804 3016 Aristocr
838 2973 872 3038 p
902 2949 976 3014 625
1028 2947 1059 3009 Is
1094 2945 1195 3033 igitur

149 3049 188 3117 in
224 3047 468 3146 Chersonesum
488 3049 608 3116 missus
623 3068 793 3131 statuatur,
815 3069 949 3116 neccsse
972 3066 1030 3126 est,
1054 3040 1192 3137 Olymp

151 3131 265 3233 CVII,
294 3175 331 3233 a,
355 3177 421 3246 quo
454 3170 605 3244 tempore
634 3152 899 3220 Charidemus
884 3157 938 3219 03
924 3155 972 3219 ἐπὶ
998 3158 1061 3217 τῶν
1088 3149 1195 3215 dator

102 3304 115 3343 Ι.
132 3310 144 3337 .,
176 3342 179 3347 y
217 3255 472 3350 expugnandam
495 3256 661 3325 Salamina
683 3258 791 3323 Persis
815 3254 933 3321 auxilia
957 3254 1076 3322 11113ιί1.

269 3361 334 3427 333
352 3363 457 3454 igitur
478 3378 546 3429 tota
567 3363 630 3428 hac
653 3362 875 3454 disputatione
898 3361 1109 3452 investigasse
1131 3377 1193 3426 noa

130 3456 229 3544 'sshia·“³
280 3484 384 3586 emur,
406 3465 487 3532 haec
510 3485 603 3533 sunt:
627 3465 796 3532 Nausicles
817 3465 955 3556 Olymp.
978 3462 1070 3530 haud
1091 3462 1192 3528 dubie

101 3616 103 3624 ›
147 3567 255 3650 CVI,
301 3568 342 3634 in
357 3568 509 3636 Imbrum
525 3568 654 3664 legatus
673 3571 722 3635 ibi
745 3569 787 3634 de
809 3592 846 3634 re
859 3568 997 3662 publica
1009 3564 1192 3635 Athenien-

147 3673 239 3740 sium
266 3676 459 3740 erratione
487 3677 623 3741 meritus
654 3692 719 3755 est,
755 3695 855 3764 quam
885 3672 1011 3738 Calliae
1042 3673 1193 3765 primum

114 3772 133 3799 ''
148 3764 325 3847 decretum
356 3775 556 3863 describit3
552 3777 701 3871 Olymp.
726 3771 837 3858 CVII,
866 3799 885 3842 3
910 3772 1131 3843 Charidemus
1160 3792 1193 3839 33

141 3881 361 3949 Blotlmus
352 3903 388 3946 m
425 3882 531 3974 Cypri
565 3881 685 3948 urbem
721 3881 890 3948 Salamina
924 3883 1032 3946 Persis
1065 3876 1191 3945 auxilio

146 3987 242 4052 missi
273 4002 411 4078 accepta
435 3987 473 4051 in
506 4003 619 4080 pugna
652 3985 695 4051 ad
723 3987 862 4052 fluvium
893 3984 1014 4052 damna
1043 3983 1192 4076 propriis

147 4088 313 4182 impensis
333 4083 558 4170 restituerunt.
603 4090 853 4176 Quamobrem
867 4086 927 4167 1113
941 4100 1043 4182 atque
1055 4088 1093 4156 hi
1107 4086 1197 4154 utri-

788 4236 789 4240 κ
821 4190 844 4268 11
