2594 4672
574 279 731 394 ...Q-

135 482 274 544 παραπρ.
307 478 342 546 p.
373 455 442 524 ‘356
475 472 508 522 et
536 455 611 544 389,
655 453 774 520 Aesch.
812 480 845 521 π.
879 456 1019 549 παραπρ.
1055 476 1091 545 p.
1121 453 1178 542 45.

134 562 262 628 Excisis
285 577 394 627 manen
416 559 642 626 Phocensihus
666 556 817 649 (Olymp.
841 555 967 638 CVIII,
1001 559 1034 642 3)
1079 556 1178 650 Pylas

136 688 270 758 quoque
291 663 468 757 Philippus
491 687 585 730 suam
605 664 643 728 in
664 678 860 753 potestatem
880 658 1028 750 redegit,
1058 685 1181 755 easque

41 829 43 832 ,
100 752 105 767 ’
135 765 258 843 deinde
279 791 342 858 per
362 768 584 834 mercenarios
615 767 654 832 in
685 766 842 834 continua
865 765 997 832 tenebat
1019 764 1179 834 custodia.

136 873 181 940 V.
212 875 310 940 Dem.
333 869 421 940 Phil.
445 871 493 953 ΙΙ,
519 897 555 964 p.
577 869 631 962 67,
665 868 729 952 111,
755 895 791 963 p.
811 891 896 960 .119,
924 895 958 937 π.
980 872 1119 960 πὰραπρ.
1141 894 1178 965 p.

125 976 210 1062 404.

136 1208 166 1276 7.
205 1207 240 1277 p.
264 1186 353 1274 271ss¹
384 1185 446 1261 Τίς.
464 1221 506 1236 -
526 1181 615 1268 ’ὑμῶν
637 1183 693 1250 οὐκ
725 1180 789 1249 οἶδε
821 1181 878 1248 τὸν
908 1173 1175 1270 &nominituo

172 1290 380 1376 Ἀντιφῶντα,
429 1288 465 1364 ὃς
504 1286 757 1375 ἐπαγγειλάμενος
799 1275 944 1376 Φιλίπέιῳ
986 1286 1028 1353 τὰ
1069 1283 1190 1377 sculpto¹

177 1391 343 1479 ἐμπρήσειν
364 1391 404 1458 τὰ
425 1388 559 1479 ὖμέτερα
586 1394 630 1469 εἷς
650 1392 709 1478 τὴν
730 1390 821 1487 utilia
840 1385 954 1476 ἧλθενς
975 1417 1003 1457 κ.
1026 1415 1056 1457 τ.
1080 1397 1108 1457 l.
1166 1390 1172 1398 ’

575 1495 657 1551 olymp.
671 1496 734 1538 cun.
942 1556 963 1563 Ι,

219 1596 392 1691 Antiphon
415 1600 488 1679 iste,
510 1599 611 1666 homo
640 1614 788 1665 ceterum
816 1597 966 1689 ignotus,
996 1595 1119 1665 iniuria
1137 1595 1177 1663 in

133 1702 245 1769 album
276 1704 399 1770 civium
432 1704 690 1769 Atheniensium
724 1704 925 1797 irrepserat(
967 1702 1042 1784 Quo
1074 1724 1180 1795 quum

132 1826 263 1901 postea,
278 1831 363 1874 nova
381 1808 504 1872 civium
519 1807 713 1872 recensione
735 1807 947 1894 (διαψηφίσει)
968 1804 1068 1886 facte,
1089 1820 1192 1873 'esset

135 1928 318 2004 expunctus
351 1911 634 1999 (ἀποψηφισθείς),
673 1908 865 2001 indignatus
907 1905 950 1974 ad
980 1907 1180 2005 Philippum

42 2092 47 2103 p
134 2040 204 2082 sese
224 2015 370 2105 recepit,
400 2014 497 2105 eique
525 2012 568 2079 ad
590 2013 816 2080 comburenda
838 2013 1101 2081 Atheniensium
1114 2013 1181 2081 'na-

133 2117 217 2186 valia
238 2116 327 2185 ultro
351 2136 487 2209 operam
508 2137 603 2184 suam
624 2117 755 2207 obtulit.
802 2119 914 2201 Quum
933 2134 1046 2184 tamen
1069 2115 1111 2183 ad
1129 2116 1182 2184 fa-

135 2208 230 2289 cinus
252 2219 515 2314 perpetrandum
541 2223 689 2288 Athenas
715 2219 807 2297 clam
828 2220 1001 2304 rediisset,
1024 2224 1192 2316 compr&

133 2327 256 2394 hensus
276 2351 295 2391 a
310 2326 536 2392 Demosthene
559 2350 633 2393 eam
647 2327 773 2419 incepti
787 2348 933 2418 poenam
947 2322 1053 2409 dedit,
1079 2348 1179 2420 qnam

50 2453 52 2460 ·
133 2433 168 2499 h.
197 2429 222 2497 l.
255 2430 496 2499 Demosthenes
525 2430 636 2497 refert.
680 2430 724 2499 V.
748 2429 884 2523 Ulpian.
918 2427 962 2496 ad
983 2429 1018 2496 h.
1039 2426 1065 2497 l.
1090 2428 1174 2499 Plus.

134 2537 238 2622 Dema
266 2558 296 2602 c.
327 2533 375 2621 14.
420 2535 579 2601 Dinarch.
606 2536 643 2600 in
671 2534 842 2603 Demosth.
874 2558 909 2628 p.
938 2531 993 2620 46.

219 2639 291 2703 Iam
303 2660 381 2705 vero
395 2639 563 2711 difficilior
575 2662 635 2705 nos
651 2640 798 2728 quaestio
813 2637 854 2705 de
868 2655 1020 2732 tempore
1029 2650 1173 2735 torquet.

133 2740 176 2806 In
198 2766 265 2832 qua
287 2758 398 2808 tamen
419 2741 486 2808 hoc>
512 2742 721 2808 manifestum
743 2743 894 2833 primum
916 2761 976 2824 est,
1003 2732 1174 2821 eiritiosttm

133 2840 220 2908 illud
242 2843 419 2912 consilium
440 2869 509 2912 non
531 2869 627 2936 posse
650 2844 713 2912 alio
737 2862 888 2937 tempore
911 2848 952 2913 ab
965 2848 1174 2941 Antiphonte

134 2964 268 3039 captum
290 2972 369 3029 esse,
392 2950 459 3014 nisi
482 2973 549 3041 quo
572 2947 701 3015 bellum
720 2948 876 3043 Philippo
899 2975 976 3017 cum
989 2950 1174 3019 Athenion·

107 3050 222 3119 xsibus
250 3051 480 3121 intercederet.
525 3053 588 3119 Res
616 3076 714 3135 vero,
749 3078 832 3146 quae
861 3056 1019 3123 continuo
1046 3079 1086 3147 p.
1113 3076 1172 3149 ψ

122 3180 181 3246 sq.
206 3180 254 3222 or.
278 3156 319 3224 de
343 3182 410 3226 cor.
439 3183 458 3224 a
481 3157 705 3225 Demosthene
727 3176 969 3240 memorantur,
993 3182 1118 3252 quum,
1138 3170 1190 3249 Pl..

132 3283 205 3352 cap.
240 3260 290 3327 IV
311 3256 577 3341 monstrabimus,
602 3285 640 3328 eo
664 3265 824 3355 temporis
847 3263 951 3356 spatio
972 3262 1078 3330 saetae
1098 3265 1174 3347 sint,

132 3361 223 3456 quod
258 3389 375 3457 pacem
408 3363 545 3458 Olymp.
585 3363 715 3446 CVIII,
755 3389 774 3432 a
816 3368 936 3434 initam
973 3385 1018 3434 et
1046 3363 1181 3437 hellunt'

132 3467 269 3560 Olymp.
295 3467 369 3550 CX,
396 3493 406 3534 1
434 3483 629 3536 renovatum
651 3471 851 3557 intercessit,
876 3472 990 3559 omnia
1010 3472 1096 3545 haec
1119 3494 1175 3541 aud

130 3588 198 3636 tem
220 3571 263 3637 ad
286 3570 440 3640 ordinem
470 3589 503 3639 et
533 3597 667 3640 cursum
694 3577 778 3641 vitae
800 3577 1006 3644 Aeschineae
1027 3575 1177 3645 referan-

131 3690 196 3755 tur,
220 3699 426 3768 consequens
449 3694 507 3758 est,
530 3677 747 3772 Antiphontis
775 3681 862 3746 hanc
889 3680 1177 3751 machinationem

130 3794 205 3845 ante
229 3778 369 3873 Olymp.
402 3781 532 3863 CVIII,
563 3807 582 3846 2
606 3806 675 3848 esse
707 3783 984 3852 constituendam.
1029 3785 1190 3868 Bellum,

129 3881 222 3974 quod
243 3906 282 3951 eo
305 3902 455 3977 tempore
478 3887 567 3952 inter
585 3885 805 3954 Athenienses
829 3905 862 3954 et
879 3887 1078 3982 Philippum
1099 3910 1180 3982 agen
1212 3900 1214 3905 '

127 3983 242 4068 hatur,
266 4011 470 4081 quamquam
492 4009 678 4082 expugnata
700 3994 767 4058 iam
789 3993 1008 4087 Amphipoli,
1033 3993 1176 4089 Olymp.

129 4087 202 4172 CV,
224 4092 256 4171 3,
279 4110 459 4175 exarserat,
481 4094 600 4163 maiori
623 4101 735 4162 taurea
758 4097 943 4166 intentione
966 4098 1009 4165 ab
1032 4097 1176 4192 Olymp.
