2594 4672
545 282 548 287 ’
626 267 783 380 ,na

183 467 343 538 rumpere
364 445 457 536 prius
480 440 628 527 auderet,
651 439 750 536 quam
776 442 939 510 instructa
960 443 1031 510 acie
1052 442 1164 512 hostes
1188 441 1235 521 ad

185 572 296 618 muros
325 546 531 617 accederent.
582 549 674 614 Tum
700 569 778 614 vero
808 545 847 614 hi
877 534 1102 616 defendebant
1129 549 1251 644 oppi-'

187 653 277 738 dum,
299 651 351 719 illi
362 653 562 745 prodebant.
608 650 747 746 Oppido
762 653 807 719 ita
817 667 914 745 cepto
925 651 1088 746 flagitiose
1099 671 1133 721 et
1142 651 1235 722 male

186 761 242 826 isti
265 761 447 850 imperant,
477 776 510 824 et
541 756 718 850 tyrannide
738 757 929 850 potiuntur3
957 755 1043 841 illis,
1074 758 1235 851 quitum

188 883 220 930 et
243 862 437 954 semetipsos
460 879 493 929 et
514 860 728 953 Euphraeum
752 857 993 944 defendebant,
1014 864 1140 955 partim
1164 864 1235 931 eie'-

187 969 248 1035 ctis
264 967 388 1059 partim
402 967 552 1033 occisis.“
594 963 685 1031 Haec
707 965 744 1031 iu
766 987 814 1032 or.
836 964 987 1060 Philipp.
1006 965 1067 1047 111,
1089 964 1234 1062 Olymp.

139 1142 144 1149 g
189 1069 525 1161 CIX,3habita,>p.
551 1071 611 1137 125
635 1081 710 1162 sqq.
756 1067 1092 1161 Cf.p.113et119.
1136 1071 1236 1140 Ortis

121 1252 122 1261 ἵ
189 1176 294 1266 igitur·
312 1171 521 1265 Philippicae
544 1187 577 1237 et
596 1171 809 1239 Atheniensis
839 1171 992 1240 factionis
1012 1175 1129 1257 turbis,
1150 1175 1238 1243 Phi·

42 1269 63 1328 ⁴⁴
97 1296 99 1303 ⁴
187 1277 284 1371 lippo
308 1278 492 1370 opitulante
524 1274 711 1344 Clitarchus
738 1269 905 1359 Eretriae,
932 1275 1125 1345 Philistides
1149 1278 1237 1348 Orei

40 1452 43 1459 ,
189 1380 232 1447 ad
255 1401 418 1448 summam
451 1382 587 1474 imperii
616 1381 720 1464 evecti
747 1396 841 1463 sunt,
867 1378 991 1464 iidem,
1020 1405 1166 1475 quorum
1197 1385 1237 1454 in

49 1566 54 1588 ἱ
118 1561 120 1565 ⁴
189 1485 270 1554 locis
294 1508 343 1553 or.
367 1483 410 1551 de
432 1491 498 1552 cor.
523 1484 565 1552 de
589 1484 712 1577 quibus
735 1486 873 1578 agimus,
896 1486 1044 1554 crebrius
1057 1488 1096 1554 in
1116 1511 1167 1556 or.
1191 1485 1237 1556 de

190 1589 353 1665 Cherson.
378 1606 412 1657 et
425 1587 573 1682 Philipp.
596 1588 647 1656 111
667 1588 910 1658 Demosthenes
931 1592 1095 1674 meminit,
1119 1609 1153 1660 et
1176 1590 1237 1662 ud«,
1261 1670 1263 1677 .

112 1692 128 1722 ‘¹
188 1715 301 1762 versus
324 1716 408 1786 quos
430 1716 489 1761 suo
513 1691 654 1761 consilio
677 1691 854 1786 studioque
872 1711 1062 1788 susceptam
1084 1718 1155 1763 esse
1177 1696 1236 1765 ex-

188 1796 400 1890 peditionem
418 1797 470 1869 ab
505 1795 764 1864 Atheniensibus
796 1797 900 1866 refert
927 1797 972 1864 de
1002 1821 1070 1869 cor.
1098 1823 1134 1891 p.
1158 1803 1237 1884 252.

188 1902 289 1970 Facta
311 1918 389 1968 vero
414 1922 483 1967 esse
504 1897 573 1982 illa,
597 1924 682 1992 quae
704 1901 742 1965 in
764 1923 813 1968 or.
829 1899 917 1968 Phil.
931 1902 989 1968 111.
1011 1901 1037 1970 l.
1059 1926 1086 1969 c.
1109 1904 1236 1975 Demo-

191 2006 324 2072 sthenes
346 2021 470 2100 narrat,
492 2020 529 2070 ut
552 2004 772 2070 certissimum
793 2021 852 2086 est,
874 2022 1083 2099 postpacem
1097 2005 1234 2077 demum

192 2135 210 2177 a
239 2107 396 2202 Philippo
426 2131 505 2174 cum
534 2107 795 2174 Atheniensibus
825 2108 1057 2193 conciliatam,
1086 2112 1130 2179 ita
1144 2133 1232 2186 ,con-

191 2229 405 2295 sentaneum,
434 2236 505 2280 non
527 2228 604 2280 ante
627 2209 764 2304 Olymp.
789 2212 886 2295 CIX,
912 2237 939 2280 t.
983 2215 1071 2283 Nam
1092 2217 1130 2283 in
1151 2231 1234 2284 orat.

109 2368 115 2382 .
192 2315 264 2385 adv.
288 2315 437 2410 Philipp.
461 2316 506 2398 ll,
537 2340 624 2409 quae
645 2314 832 2384 secundum
854 2317 994 2414 Dionys.
1017 2317 1091 2386 Hal.
1114 2344 1167 2413 ep.
1192 2318 1248 2389 ad

191 2423 303 2492 Amm.
326 2445 431 2490 cett.
454 2419 511 2489 illo
534 2445 621 2488 anno
642 2419 757 2490 habita
776 2438 843 2503 cst,
871 2421 919 2488 in‘
930 2425 1104 2491 recensitis
1128 2450 1148 2490 a
1167 2425 1239 2510 De-

79 2603 88 2618 „
189 2527 365 2596 mosthene
387 2527 538 2608 iniuriis,
566 2550 648 2622 quas
669 2544 747 2620 post
766 2547 885 2619 pacem
905 2523 1027 2594 factam
1047 2546 1239 2622 perpetras·

126 2699 130 2703 .
192 2649 242 2698 set
252 2630 442 2723 Philippus,
464 2630 621 2698 Euboeae
631 2653 799 2723 nusquam
810 2631 937 2697 mentio
953 2632 1076 2700 iniecta
1088 2649 1146 2700 est.
1190 2635 1238 2704 At

177 2736 305 2802 >statim
326 2733 365 2801 in
387 2756 435 2802 or.
458 2731 500 2798 de
521 2756 567 2799 m.
590 2756 620 2826 g.
642 2731 761 2828 legat,
794 2736 949 2827 sequenti
976 2759 1064 2803 anno
1096 2736 1236 2830 Olymp.

195 2835 296 2919 CIX,
328 2832 483 2905 ababita
504 2835 621 2927 (Dion.
644 2836 687 2907 fl.
710 2836 734 2905 l.
756 2839 818 2928 c),
850 2843 1051 2908 mercenarii
1075 2841 1238 2912 Macedo-
1266 2848 1268 2859 '

192 2966 252 3009 nes
274 2942 312 3013 in
333 2939 470 3009 Euboea
492 2958 675 3009 occurrunt
694 2965 731 3036 p.
752 2942 826 3029 404,
849 2959 881 3010 et
903 2945 1018 3011 conari
1038 2945 1238 3038 Philippum

193 3032 436 3116 Demosthenes
463 3043 581 3126 refert,
616 3063 656 3114 ut
687 3047 751 3113 sibi
782 3047 916 3113 Euboea
943 3050 1238 3142 propugnaculum

194 3147 350 3219 adversus
367 3149 526 3236 ¹Athenas
557 3148 668 3218 fieret:
701 3153 753 3218 noti
783 3153 815 3218 ἐν
835 3152 956 3245 Εὐβοίᾳ
977 3161 1240 3243 κατασκευασθη-

194 3253 312 3338 σόμενα
334 3251 512 3343 ὁρμητήρια
530 3260 576 3348 (p'.
599 3253 692 3345 409),
715 3253 890 3344 ὁρμητήρια
905 3259 952 3346 ἐφ’
972 3255 1056 3343 ὑμᾶς
1070 3259 1103 3324 dr
1115 3258 1248 3352 Εὐβοίᾳ

196 3361 353 3439 Φίλιππος
373 3358 707 3447 προςκατασκενᾶζεται
734 3361 782 3452 (p.
796 3359 886 3448 445).
933 3360 984 3428 Cf.
996 3384 1041 3454 p,
1065 3362 1140 3452 367,
1161 3363 1239 3445 368,

135 3451 138 3459 ’
195 3456 270 3550 448.
313 3460 474 3530 Nondum
503 3479 615 3530 temen
642 3464 809 3532 institutos
840 3490 859 3530 a
885 3464 1046 3559 Philippo
1074 3482 1238 3535 memorat

195 3581 365 3662 tyrannos.
411 3567 451 3634 ln
478 3566 684 3636 orationibus
715 3586 825 3635 autem
852 3568 894 3636 de
918 3569 1079 3639 Cherson.
1104 3589 1137 3638 et
1159 3571 1238 3639 Phi·

98 3715 106 3727 .
194 3667 280 3764 lipp.
315 3670 386 3752 ΙΙΙ,
417 3680 501 3764 qu'ae
536 3670 675 3766 Olymp.
707 3671 788 3740 CIX
816 3699 846 3739 a.
876 3675 896 3742 3
925 3674 1058 3741 habitae
1087 3694 1167 3743 sunt
1194 3681 1233 3757 (v.

54 3839 73 3846 ..
195 3765 339 3870 Dionpb.
354 3773 409 3842 vll.
437 3773 461 3842 l.
493 3771 556 3866 c),
586 3774 787 3871 Philippum
817 3793 850 3844 et
877 3776 1050 3848 Euboeam
1079 3779 1145 3847 sibi
1172 3780 1237 3846 iam

196 3902 375 3976 arrogasse,
398 3897 431 3948 et
452 3897 612 3975 tyrannos
633 3880 772 3974 singulis
790 3880 988 3973 praefecisse
1010 3884 1151 3950 urbibus
1172 3883 1251 3951 fre»-

196 3986 416 4080 quentissime
450 3983 711 4077 clarissimisque
750 3986 858 4052 verbis
895 3989 983 4056 inter
1011 3990 1241 4056 recentissima

196 4089 267 4158 eius
286 4089 437 4162 ,facinora
462 4088 631 4159 numerat:
663 4089 695 4157 oti
715 4092 748 4158 'd’
772 4093 803 4157 ἐν
825 4091 945 4184 Εὐβοίᾳ
967 4092 1069 4170 πόλεις
1101 4094 1156 4160 οὐκ
1177 4095 1238 4180 ἤδη
