2580 4680
560 257 716 366 ...3³2-

119 414 252 499 sthenes
273 426 405 494 disserit
425 428 474 519 (p.
497 447 560 517 277
583 444 618 494 et
638 429 725 509 281),
748 423 797 492 ahl
806 423 1008 492 Aeschinem
1018 425 1157 495 omnino

118 557 191 602 non
213 533 330 623 ungit,
353 554 465 622 neque
487 552 563 596 eum
586 528 719 597 alterius
740 527 868 596 decreti
882 529 1159 622 Amphictyouiei

118 637 164 709 de
185 635 347 729 Philippo
375 635 413 700 in
435 632 610 700 Graeciam
639 631 811 700 invitando
840 649 1009 700 auctorem
1036 634 1159 727 arguit,

118 739 180 811 sed
202 740 333 808 excitati
355 736 564 807 solummodo
586 733 667 804 belli
678 737 963 829 Amphictyonici,
984 760 1047 827 per
1064 736 1160 830 qnod

118 848 157 913 ln
190 844 367 912 Graeciam
403 839 583 908 invadendi
622 860 701 906 ansa
733 839 895 934 Philippo
923 841 1073 932 praebita
1104 841 1158 911 sit.

118 950 279 1041 Denique
305 947 334 1012 si
362 945 564 1014 Aeschinem
591 946 692 1012 etiam
723 946 845 1012 aestivo
868 943 921 1010 illi
942 945 1086 1013 concilio
1106 945 1162 1012 in-

122 1072 245 1122 teresse
267 1050 459 1142 oportebat,
485 1067 616 1142 poterat
636 1071 714 1116 sane
742 1048 1036 1117 Hecatombaeonis
1059 1049 1163 1117 XXX

122 1155 287 1248 legatione
309 1153 352 1220 ad
374 1153 572 1247 Philippum
594 1169 761 1244 suscepta,
788 1176 903 1219 mense
930 1154 997 1220 iam
1020 1154 1164 1245 Metagi-

123 1262 240 1330 tnione
262 1283 299 1326 ex
321 1260 442 1325 itinere
464 1257 562 1350 Pylas
583 1281 734 1325 reversus
763 1279 850 1340 esse,
883 1259 963 1348 quia
985 1257 1163 1325 celerrime

120 1360 376 1460 properandum
405 1362 521 1452 legatis
551 1386 588 1429 ex
615 1360 748 1428 decreto
776 1377 864 1441 erat,
895 1361 960 1430 iter
988 1378 1100 1428 autem
1123 1362 1164 1428 in

122 1467 382 1560 Hellespontum
404 1467 514 1559 ipsum
536 1465 652 1533 decem
681 1463 814 1545 diebus,
848 1465 931 1556 quin
953 1466 1058 1532 tribus
1081 1489 1166 1558 qua-

124 1591 238 1640 tuorve
267 1569 391 1637 absolvi
419 1593 516 1663 posse
552 1567 794 1637 Demosthenes
821 1567 997 1636 contendit
1021 1569 1066 1634 de
1093 1591 1163 1637 cor.

152 1677 297 1760 ‚235.*)

125 1702 150 1770 p
190 1775 331 1871 ‘ltaque
363 1776 532 1846 decretum
563 1775 651 1844 illud
677 1778 770 1845 omni
799 1800 839 1843 ex
868 1793 964 1868 parte
991 1776 1057 1843 huc
1077 1775 1164 1844 refe·

126 1881 270 1951 rendnm
293 1880 434 1965 videtur,
456 1884 635 1974 ipsumque
655 1883 747 1974 pacis
767 1898 845 1973 post
863 1881 1016 1973 Byzantii
1041 1879 1166 1949 libera-

127 1991 255 2056 tionem
302 1987 503 2078 compositae
547 1985 776 2053 firmissimum
823 2003 873 2053 est
916 1984 1166 2053 documentum.

127 2089 227 2177 Quod
247 2091 277 2158 si
299 2108 357 2173 est,
377 2115 440 2182 pax
461 2091 544 2157 haec
565 2114 635 2158 non
657 2090 817 2159 continuo
838 2108 916 2182 post
936 2089 1080 2158 solutam
1098 2091 1167 2182 By-

126 2197 229 2263 zantii
252 2192 460 2261 obsidionem
482 2196 665 2284 composita
685 2195 737 2272 sit,
759 2191 819 2259 sed
843 2192 972 2286 aliquot
993 2193 1167 2262 mensibus

125 2317 218 2393 post,
250 2296 289 2365 id
320 2297 414 2390 quod
443 2297 645 2364 confirmant
669 2298 858 2364 testimonia
881 2295 1036 2364 debello
1059 2300 1168 2365 conti-

125 2421 251 2483 nuato,
283 2425 369 2494 quae
402 2426 503 2493 supra
530 2399 710 2467 attulimus.
769 2400 833 2466 Res
862 2402 963 2491 igitur
997 2418 1168 2492 postremo

126 2507 297 2602 expositae
318 2507 362 2572 ita
385 2507 453 2571 iam
475 2503 681 2572 ordinandae
703 2501 875 2570 videntur:

215 2609 394 2702 Philippus
433 2611 619 2677 intermissa
652 2608 805 2699 Byzantii
848 2605 1023 2675 obsidione
1055 2608 1168 2701 primo

127 2739 208 2784 vere
231 2713 369 2806 Olymp.
394 2712 474 2796 CX,
512 2739 523 2780 s
559 2714 596 2780 in
618 2711 790 2805 Scythiam
810 2713 1044 2805 proficiscitur.
1088 2711 1169 2782 Ela-

174 3032 200 3111 ')
222 3031 376 3110 Ceterum,
406 3031 490 3115 quod
514 3033 725 3093 Demosthenes
751 3032 921 3092 Aeschinem
945 3046 1014 3113 post
1040 3050 1170 3114 pugnam

220 3119 450 3179 Chaeronensem
476 3119 553 3226 ultrp
580 3118 619 3179 ad
632 3117 815 3223 Philippum
827 3136 1017 3222 properasse
1043 3119 1170 3202 legatum

223 3204 310 3283 dicit,
339 3202 390 3266 καὶ
410 3201 496 3268 sova'
522 3198 767 3311 c'tproalpsror
788 3197 911 3264 πάντα
931 3197 1000 3265 τὸν
1021 3198 1170 3313 ἔμπρο-

222 3293 316 3354 σθεν
333 3285 475 3375 χρόνον
497 3312 640 3372 ταυτην
661 3310 719 3370 την
736 3286 862 3372 χρείαν,
887 3282 930 3363 ὥς
950 3283 1063 3365 πάντες
1083 3287 1171 3358 ἴσασι

102 3420 109 3435 .
222 3376 275 3460 (de
298 3401 358 3440 cor.
378 3403 409 3462 p.
435 3376 528 3463 3¹9),
550 3401 583 3440 ea
605 3378 745 3439 neminem
774 3377 927 3438 offendant.
971 3378 1072 3440 Potuit
1093 3382 1171 3441 enim

222 3467 378 3527 Aeschines
406 3468 577 3550 legationem
612 3466 692 3548 pacis
729 3486 813 3524 causa
844 3464 927 3526 obire
956 3466 1004 3526 Ol
1038 3465 1166 3546 cx,s

222 3554 489 3630 Hecatombaeone,
518 3553 596 3614 idem
624 3566 727 3635 postea
749 3551 827 3612 idem
847 3575 950 3614 munus
972 3554 1092 3632 eiurare,
1112 3553 1172 3615 sci·

222 3641 290 3701 licet
312 3640 392 3700 bello
416 3655 526 3703 exorto.
570 3642 643 3701 Nam
671 3637 717 3700 bis
747 3638 851 3699 eodem
878 3639 971 3701 adhuc
991 3662 1065 3701 auno
1087 3642 1195 3714 missa,

225 3726 327 3786 estad
349 3727 516 3810 Philippum
544 3727 665 3810 legatio,
693 3725 780 3786 altera
809 3725 1037 3808 Elaphebolione
1064 3747 1171 3804 mense,

224 3813 311 3874 altera
327 3813 530 3894 Munychione.
574 3811 654 3874 ldem
676 3827 705 3872 et
726 3828 816 3890 antea,
837 3814 915 3895 pacis
930 3813 1086 3890 intervallo,
1100 3835 1173 3873 nus·

225 3922 312 3982 quam
344 3900 454 3982 legatus
475 3901 513 3960 ad
530 3901 697 3983 Philippum
724 3915 912 3976 memoratur,
934 3914 966 3959 ut
993 3900 1097 3982 legatio
1124 3899 1172 3958 illa

226 3989 274 4048 Ol.
302 3986 375 4059 CX,
412 4007 424 4046 a
456 3988 571 4046 ineunte
602 4001 732 4069 suscepta
761 3988 842 4047 unica
871 3987 967 4065 luerit,
990 4008 1076 4069 quam
1098 3987 1172 4047 inter

228 4075 276 4136 01.
299 4072 404 4150 cvm,
427 4094 444 4135 a
468 4087 499 4134 et
519 4072 586 4152 CX,
609 4077 629 4135 3
650 4074 806 4136 Aeschines
826 4073 943 4136 obierit.
