2594 4672
647 258 803 362 ...Q-

136 412 139 420 ’
179 425 346 521 ΙΜαριειοῃ
367 423 514 492 aemulis·
534 421 626 490 hand
654 424 755 491 dubie
791 423 967 504 excitatns,
996 421 1033 488 in
1065 420 1245 490 Thraciam

204 532 335 610 invasit,
357 528 423 594 ubi.
438 527 521 596 alios
541 519 704 596 Thraciae
725 551 819 619 reges
849 525 1012 620 expulisse
1034 549 1127 608 eum,
1161 525 1244 595 alios

207 634 413 703 constituisse
434 631 798 710 Demosthenesrefcrt
818 655 866 698 or.
890 629 1071 722 Olynthi.
1094 655 1128 720 p.
1157 629 1244 721 tif)

203 737 335 809 Eodem
367 755 516 827 tempore
538 736 794 802 Atheniensium
821 737 920 802 etiam
941 735 978 818 in
999 735 1143 800 Thracia
1164 758 1245 827 pos·

204 842 363 910 sessiones
393 841 604 933 impugnasse
632 839 846 932 Philippum,
867 838 974 930 liquet
1001 863 1042 904 ex
1063 839 1162 905 Dem.
1193 863 1243 906 or.

133 1021 136 1025 ,
204 945 347 1038 Olynth.
371 945 431 1025 III,
450 968 485 1034 p.
509 967 552 1032 29
574 967 624 1035 sq.
667 945 749 1009 Hac·
771 942 874 1033 igitur
900 943 1166 1035 opportunitate,
1189 944 1245 1007 in-

203 1067 308 1118 stante
340 1065 373 1114 et
400 1046 465 1112 sibi
488 1046 525 1113 'et
546 1047 805 1113 Atheniensibus
836 1046 926 1135 gravi
956 1045 1126 1135 periculo,
1155 1046 1245 1112 veri-

202 1151 310 1221 simile
333 1168 382 1217 est
403 1149 640 1216 Charidemum
661 1149 805 1217 foederis
823 1149 911 1213 inter
934 1147 1186 1240 Cersobleptem
1211 1167 1245 1216 et

201 1257 421 1322 Athenienses
451 1253 654 1320 conciliandi
689 1254 794 1344 gratia
831 1252 978 1317 Athenas
1011 1254 1153 1344 petisse3
1188 1278 1246 1318 ea-

201 1359 346 1450 demque
369 1381 474 1448 quum
496 1358 562 1449 ipsi
584 1359 682 1424 etiam
702 1356 921 1423 Athenienses
941 1355 1153 1439 Charidemi,
1176 1359 1246 1424 'viri

200 1466 239 1532 in
260 1460 328 1530 illis
349 1463 541 1554 regionibus
569 1461 798 1541 versatissimi,
819 1475 863 1524 —et
884 1460 1086 1545 auctoritatis
1115 1462 1245 1552 gravis-

199 1569 312 1648 simae,
337 1584 370 1632 et
398 1567 611 1657 imperatoria
638 1565 759 1631 virtute
789 1565 857 1630 iam
886 1562 1080 1630 admodum*
1094 1565 1243 1654 probati,

196 1672 338 1739 maxime
361 1694 438 1741 sane
460 1668 648 1760 indigerent
675 1667 809 1748 auxilio,
843 1669 892 1751 ei,
923 1691 990 1758 quo
1018 1666 1150 1733 firmius
1173 1669 1244 1735 sibi

199 1774 412 1866 obligaretur,
424 1774 517 1839 ,belli
540 1774 691 1840 adversus
703 1768 900 1863 Philippum
922 1772 959 1836 in
971 1769 1116 1836 Thracia
1131 1772 1244 1838 Cher-

91 1867 94 1872 *
199 1903 383 1970 sonesoque
429 1876 567 1968 gerendi
599 1877 780 1968 imperium
815 1872 970 1940 detulisse
991 1897 1062 1943 ¹eos
1096 1879 1240 1957 omnino

197 1981 370 2078 probabile
391 1980 550 2046 videatur.

188 2077 189 2081 ¹
287 2087 402 2175 Itaque
430 2086 458 2149 si
487 2079 703 2148 Charidemus
728 2080 864 2148 'celeber
888 2081 1150 2148 Demostheneae
1179 2108 1238 2149 ae-

117 2257 120 2262 .
197 2192 272 2258 tatis
296 2187 363 2254 dux
384 2185 648 2268 Atheniensium,
672 2208 741 2253 non
763 2185 910 2252 diversus
927 2201 976 2251 est
997 2185 1235 2276 aCharidemo

198 2293 306 2374 Orita,
329 2315 535 2383 consequens
558 2306 616 2373 est,
638 2307 676 2357 ut
698 2286 918 2371 decretas&
942 2291 1063 2383 quibus
1086 2288 1239 2381 disputa-

195 2422 286 2479 mus,
318 2393 576 2475 adolevit,
610 2418 630 2460 a
660 2393 855 2486 referantur.
900 2391 1038 2460 Scilicet
1068 2392 1239 2461 Charide-

195 2525 270 2568 mus
294 2501 407 2579 Orita,
434 2502 613 2589 postquam
636 2496 691 2566 Ol.
716 2498 828 2580 CVII,
861 2521 871 2564 t
884 2547 895 2579 ,
916 2497 1001 2564 facta
1022 2497 1176 2589 Philippi
1199 2498 1237 2563 in

194 2605 372 2671 Thraciam
393 2604 621 2693 impressione,
644 2602 791 2669 Athenas
812 2603 963 2682 venisset,
986 2599 1054 2666 dux
1076 2607 1116 2666 ab
1130 2601 1237 2668 Athe-

194 2707 367 2774 niensibus
397 2705 496 2771 simul
525 2729 601 2771 eum
630 2707 779 2773 Diotimo
813 2724 939 2772 creatus
969 2705 1012 2771 sit
1038 2706 1075 2770 in
1106 2730 1236 2772 annum

195 2827 401 2902 sequentem,
425 2807 481 2876 01.
505 2809 620 2890 CVII,
650 2833 689 2890 a,
713 2835 779 2901 quo
801 2812 940 2877 ineunte
971 2810 1009 2874 in
1028 2806 1236 2879 Salaminem

194 2938 213 2979 a
241 2914 492 3004 Megarensibus
522 2912 707 2981 infestatam
735 2915 870 2995 missus,
910 2905 1036 2995 hostes,
1074 2913 1169 3005 quod
1197 2917 1236 2979 in

194 3015 328 3084 decreto
351 3034 515 3094 narratur,
539 3020 670 3085 armatis
692 3020 830 3111 proprio
864 3034 1000 3108 sumptu
1030 3005 1234 3109 octingentis

149 3161 152 3167 ·
192 3122 384 3204 iuvenibus,
413 3121 596 3214 depulerit3
626 3145 692 3215 quo
714 3122 833 3205 facto„
846 3121 1015 3214 Mysteriis
1034 3119 1234 3204 celebratis,

111 3228 112 3232 ’
192 3226 231 3292 in
254 3225 501 3293 Chersonesum
521 3225 647 3320 legatus
669 3225 1100 3317 sitBoedromionemense,
1123 3249 1233 3317 quum

98 3327 102 3363 ²
125 3402 127 3406 ,
192 3327 292 3396 simul
315 3329 421 3396 Callia
443 3349 576 3399 auctore
598 3330 629 3398 ei
650 3348 688 3398 et·
704 3331 852 3398 Diutimo
876 3353 1000 3396 corona
1021 3326 1155 3395 decreta
1177 3329 1232 3410 sit,

190 3433 396 3525 insequentis
423 3435 520 3515 anni,
555 3435 612 3502 Ol.
636 3435 742 3515 CVII,
765 3437 802 3516 3,
825 3434 1061 3500 Panathenaeis
1093 3449 1126 3498 et
1148 3433 1234 3500 Dio·

190 3537 294 3629 nysiis
315 3536 539 3629 praedicanda
560 3539 603 3607 ob
631 3539 835 3605 beneficium
865 3538 1060 3630 nuperrime
1088 3537 1126 3602 in
1149 3538 1234 3604 civi·

200 3784 202 3789 ,
234 3711 261 3802 ‘)
283 3719 328 3777 Eo
350 3717 483 3777 nimirum
504 3732 634 3800 tempore
654 3717 865 3800 rCersobleptes
887 3731 1039 3800 superatus
1053 3736 1136 3776 ⁴cum
1158 3715 1231 3776 Phi-

259 3806 266 3827 ·’
276 3805 359 3885 lippo
381 3819 481 3886 pactus
503 3819 546 3863 est
568 3805 626 3864 filio
657 3804 759 3866 obside
781 3803 866 3881 dato,
897 3826 985 3887 quem
1007 3803 1056 3864 Ol.
1079 3797 1188 3883 CVIII,¹
1213 3821 1232 3862 2

277 3890 374 3950 Pellae
397 3883 553 3951 versantem
574 3891 660 3974 legati
685 3883 901 3966 Atheniensium
930 3891 1114 3966 invenerunt,
1139 3912 1234 3973 quum

276 3976 430 4059 Philippus
456 3983 569 4037 novam'
587 3977 723 4045 adversus
756 3976 976 4060 Cersobleptem
1012 3977 1234 4059 impressionem
1260 3987 1264 3993 “

174 4091 198 4103 ··
275 4063 456 4146 suscipiebat
500 4064 649 4148 V..supra
669 4086 732 4148 cap.
755 4064 808 4143 lv,
834 4085 861 4125 s.
883 4087 917 4147 p.
941 4059 1010 4133 saci.
1143 4093 1146 4099 ’
