2594 4672
572 257 728 373 36⁸3·—

134 427 265 517 perisse
293 424 377 513 dicit
400 423 448 506 ¹de
478 449 545 496 cor.
577 453 611 522 p.
646 432 728 520 319,
758 447 791 498 et
816 453 933 524 pacem
957 431 1170 513 ⁴conciliatam

134 532 293 611 iamesse
313 552 379 619 per,
399 529 583 598 Demadem
605 533 724 612 refert,
755 559 860 626 quum
890 536 962 627 ipse
981 535 1031 604 ⁴ad
1060 537 1169 603 Chae-

132 656 270 710 roneam
302 633 425 698 occisos
449 638 598 702 oratione
628 636 763 703 funebri
794 636 989 717 celebraret,
1020 638 1056 704 id
1079 639 1170 730 quod

132 740 205 825 παρ’
235 734 314 803 aare
346 737 386 803 τὰ
421 739 585 823 συμβάντα
620 740 741 806 sactum
771 740 944 807 contendit
971 741 1013 806 de
1044 765 1110 808 cor.
1133 770 1167 862 p.

133 842 245 929 320*).
267 829 572 908 Transferendum
605 845 707 934 igitur
733 845 844 935 potius
872 843 960 910 istud
994 843 1036 909 de
1063 848 1166 911 muris

123 937 321 1023 ¹reficiendis
346 930 528 1012 eonsilium
556 945 597 1010 ad
629 945 665 1011 id
687 964 816 1037 tempus
838 946 979 1029 videtur,
1003 973 1089 1042 quo
1093 974 1167 1013 mu·

131 1046 287 1115 niendae
296 1046 388 1111 urhis
411 1073 538 1113 summa
557 1049 814 1115 Atheniensibus
845 1057 1021 1118 necessitas
1045 1038 1165 1136 aderat,

129 1177 239 1243 quum
265 1151 344 1215 victi
375 1147 417 1213 ad
446 1148 673 1216 Chaeroneam
700 1176 814 1217 eorum
837 1157 998 1221 exercitus
1020 1155 1056 1218 in
1078 1155 1165 1220 Atti-

132 1257 204 1319 cam
227 1276 296 1316 sese
317 1250 517 1341 reciperent,
541 1278 661 1345 eosque
684 1253 858 1347 Philippus
887 1259 1019 1321 iamiam
1052 1259 1164 1320 subse—

132 1373 269 1420 cuturus
312 1352 488 1419 videretur.
551 1355 624 1437 Qua
669 1373 861 1474 tempestate
904 1357 1162 1447 Atheniensibus

128 1476 238 1524 tantus
270 1442 358 1522 certe
389 1456 430 1521 de
453 1455 554 1523 salute
582 1459 674 1523 urbis
696 1460 796 1524 timor
823 1461 972 1525 incussus
996 1477 1059 1539 est,
1093 1461 1163 1552 Hy·
1235 1492 1237 1499 ·

127 1560 261 1655 parides
283 1576 320 1624 ut
342 1557 512 1625 decretum
534 1560 635 1642 ferret
667 1560 709 1626 de
731 1549 908 1650 inquilinis
931 1564 1069 1642 civitate,
1093 1587 1162 1657 ser-

128 1667 176 1730 vis
199 1663 348 1729 libertate
370 1661 549 1746 donandis,
579 1665 688 1757 deq'ue
709 1663 904 1730 mulieribus
928 1681 959 1730 et
980 1662 1132 1730 liberis
1123 1691 1161 1731 m

126 1769 282 1853 Piraeum
305 1767 519 1859 asportandis.
573 1770 614 1834 V.
645 1770 784 1860 Lycurg.
815 1770 850 1833 in
881 1769 997 1834 Leocr.
1027 1794 1060 1858 p.
1090 1792 1158 1859 ¹7⁰·

104 1873 163 1938 R.
209 1871 359 1957 Pseudo·
366 1870 453 1937 Plut
486 1873 541 1938 vit.
571 1875 703 1938 Xorr.
722 1868 884 1991 Hyperid.
921 1869 995 1938 Vol.
1027 1873 1101 1937 Xll.
1123 1898 1159 1964 p.

125 1999 199 2065 270.
222 1977 264 2043 H.
310 1973 361 2040 Cf
389 1992 469 2042 orat
499 1974 651 2068 pseudo·
657 1963 890 2043 Demosth.1n
912 1977 1083 2095 Aristpgit
1115 1979 1157 2044 Il.

123 2105 159 2172 p.
191 2081 263 2147 803
308 2081 419 2170 Atque
449 2080 512 2144 hac
545 2104 623 2145 sane
652 2080 721 2170 ipsa
754 2081 1016 2171 opportunitate,
1052 2105 1160 2170 quum

123 2180 275 2274 Philippi
294 2200 371 2272 post
392 2180 531 2248 cladem
549 2181 848 2249 Chaeronensem
838 2207 874 2247 rn
886 2183 1030 2248 Atticam
1050 2185 1158 2251 subita
1211 2195 1213 2201 ’

124 2286 298 2374 impressio
321 2279 532 2365 imminebat,
555 2285 761 2349 Athenarum
782 2291 899 2350 urbem
921 2309 1048 2350 summa
1071 2285 1157 2352 cele-

100 2413 103 2417 ·
123 2390 222 2453 ritate
238 2385 280 2453 'et'
297 2389 481 2468 intentione
515 2413 533 2453 a
555 2388 681 2453 civibus
703 2413 740 2452 re
761 2412 836 2453 vera
857 2391 1037 2470 munitam,
1060 2414 1157 2479 repe-

125 2493 289 2582 titumque
317 2491 354 2555 id
381 2491 450 2557 fere
478 2515 555 2585 erga
581 2494 724 2582 patriam
759 2490 907 2557 studium
935 2513 1029 2573 esse,¹
1064 2493 1157 2582 quod

122 2611 200 2688 post
222 2595 371 2687 expulsos
403 2621 438 2660 ex
462 2595 600 2661 Graecia
629 2597 742 2661 Persas
763 2595 996 2661 Themistoclis
1019 2595 1156 2671 consilio
1184 2688 1186 2692 Ρ

123 2719 157 2766 ct
180 2698 356 2766 calliditate
383 2702 577 2791 praestitum
606 2716 689 2778 erat,
721 2700 859 2789 insignis
887 2699 1033 2791 Lycurgi
1063 2701 1155 2768 locus
1188 2698 1191 2702 ’
1247 2706 1250 2710 ’

122 2829 171 2871 or.
204 2805 250 2871 in.
281 2804 398 2871 Leocr.
429 2813 474 2896 (Ρ.
502 2827 567 2895 ,¹72
599 2804 651 2894 R.)
672 2803 867 2895 planissime
889 2802 1002 2888 docet,
1030 2807 1155 2898 inquo
1243 2823 1246 2829 '

120 2984 433 3000 m

166 3103 191 3182 ¹)
212 3103 437 3164 Pseudo-Plut.
461 3102 509 3161 vit.
531 3100 572 3162 X.
596 3125 654 3162 orr.
668 3105 694 3160 iu
707 3103 794 3163 lsocr.
818 3102 886 3162 Vol.
910 3101 1018 3183 Xle.
1034 3101 1102 3173 ado.
1115 3104 1164 3165 H..

126 3228 128 3234 ,
210 3193 360 3251 Isocratem
381 3190 437 3248 vita
452 3189 604 3249 decessisse
615 3189 704 3248 refert
725 3184 792 3266 ἅμα
812 3194 881 3259 ταῖς
902 3195 1018 3269 ταφαῖς
1040 3192 1102 3250 τῶν
1124 3188 1155 3250 ἓν
1238 3191 1255 3254 “.

119 3271 122 3275 ’
211 3273 387 3360 Χαιρωνεία
409 3269 574 3352 πεσόντων,
598 3291 760 3356 postquam,
783 3277 887 3334 nuncio
909 3275 946 3335 de
966 3276 1049 3336 clade
1061 3276 1157 3336 Chae-

134 3391 149 3423 ,·
210 3366 326 3424 rorensi
349 3378 467 3444 accepto
490 3358 635 3444 (pass),
656 3383 692 3419 ne
705 3362 853 3423 Graeciam
865 3376 996 3443 quartum
1011 3362 1155 3423 subactam
1217 3403 1220 3408 -

211 3450 337 3526 videret,
367 3472 421 3530 per
443 3472 545 3509 novem
573 3447 815 3529 quatuorve‘dies
838 3471 854 3506 a
876 3449 942 3508 ciho
965 3449 1155 3510 abstinuisset.

210 3537 296 3596 Unde
319 3558 418 3618 pacem
440 3536 539 3596 decem
568 3537 678 3593 circiter
706 3549 772 3615 post
802 3534 911 3595 cladem
933 3534 1035 3603 dicbus
1058 3539 1155 3596 conci·
1205 3539 1208 3544 ’

210 3625 303 3683 liatam
332 3624 472 3682 coniicias.
500 3624 554 3683 ‘Et
584 3642 757 3702 quamquam
786 3620 906 3682 fabellae
934 3623 980 3686 isti
1007 3647 1064 3684 non
1092 3638 1155 3682 tan-

212 3726 272 3769 tum
292 3709 382 3771 tribui
403 3724 508 3791 potest,
529 3709 696 3792 praesertim
719 3730 810 3790 quum
830 3710 982 3810 Philippus
1004 3732 1061 3768 non
1081 3731 1156 3768 con-
1206 3749 1208 3752 -

210 3799 290 3855 tinuo
312 3811 380 3878 post
401 3796 510 3856 cladem
531 3796 639 3854 occisos
660 3795 689 3853 in
710 3817 808 3878 pugna
829 3797 910 3858 victis
928 3795 1088 3856 reddiderit
1109 3815 1157 3855 se·

210 3882 336 3943 cundum
368 3883 492 3942 eundem
523 3898 669 3942 auctorem
700 3881 719 3941 l.
742 3904 768 3943 e.
789 3877 934 3968 Hyperid.
962 3904 993 3965 p
1025 3899 1103 3963 270,
1121 3879 1168 3965 id¹

209 3986 302 4047 tamen
325 3984 401 4027 certe
424 3991 459 4028 cx
481 3991 514 4029 ea
535 3966 707 4030 concludere
731 3969 818 4048 licet,
839 3969 922 4056 brevi
943 3983 1010 4051 post
1030 3986 1158 4051 pugnam

177 4135 179 4138 Ρ
211 4072 343 4139 tempore
367 4077 471 4137 pacem,
488 4057 676 4140 compositam.
694 4077 769 4127 esse.
