2594 4672
584 226 838 356 ..rr-³

139 424 253 502 habita
268 442 347 498 esse,
360 421 436 487 satis
448 400 583 490 constat.
616 420 690 502 lta,
713 438 752 485 ut
761 417 932 484 simillima
943 417 1087 501 afferam,
1102 415 1183 488 eou-

139 524 330 594 funduntur
353 524 525 590 Niceratus
556 547 631 588 eum
653 525 789 604 Nicete,
813 523 1088 616 Cesiphoncum
1117 524 1181 590 Ce-

141 629 367 722 phisophonte
389 635 454 718 (ap.
478 628 615 718 Dionys.
640 626 680 690 H.
706 625 746 692 de
771 628 941 693 Dinarcho
960 625 1061 692 iudic.
1083 629 1112 717 §.
1135 637 1184 718 9),

112 820 115 827 .
142 732 313 824 Elpinices
336 755 413 796 eum
436 731 564 823 Elpine·
583 733 650 821 (ap.
671 729 809 798 Diodor.
834 732 875 796 H.
899 731 990 797 XVI.
1007 735 1071 819 1-5),
1094 717 1183 799 Neo-

144 837 312 906 elesreum
335 834 473 903 Nicoele
508 835 544 899 in
568 833 738 901 Demosth.
769 858 816 901 or.
840 833 882 900 de
905 859 970 902 cor.
993 860 1027 925 p.
1051 839 1114 903 250
1136 861 1183 903 vs.

150 965 209 1009 10.
249 941 361 1030 Atque
394 939 431 1004 in
459 934 526 1001 illis
557 938 736 1004 testimonii
765 937 872 1003 verbis
904 960 967 1027 pro
999 941 1047 1005 ἐπὶ
1074 941 1185 1005 Νικίου

120 1046 285 1113 =0mnin0
308 1038 540 1133 reponendum
563 1042 606 1104 sit
628 1042 676 1106 ἐπὶ
703 1041 885 1125 Νικομάχου
915 1048 1047 1133 (nempe
1070 1045 1184 1131 ἄρχον-

146 1176 211 1231 τος,
237 1147 329 1240 quod
362 1146 553 1236 frequenter
581 1144 747 1232 omittitur
776 1169 853 1209 cum
879 1144 969 1236 apud
996 1147 1197 1238 scriptoreS.

147 1272 219 1331 tum
242 1254 279 1316 in
307 1248 494 1341 lapidibus,
525 1247 605 1314 licet
632 1271 701 1314 nou
723 1248 761 1312 in
788 1245 939 1340 lapidum
961 1254 1185 1343 praescriptis,

129 1359 200 1443 ‘utz
224 1357 271 1421 ἐπὶ
294 1353 584 1443 Navntylvovgap.
614 1351 759 1419 Boechh.
791 1351 892 1444 Corp.
924 1353 1026 1418 Inscr.
1055 1354 1129 1422 Vol.
1159 1358 1185 1425 I.

148 1483 203 1524 nr.
227 1461 298 1541 88),
321 1458 349 1521 si
371 1474 625 1530 monumentum
644 1454 709 1522 hoc
731 1457 867 1523 nonnisi
889 1480 929 1522 ex
951 1458 1031 1523 actis
1050 1445 1187 1524 iudicia-

148 1561 237 1627 libus
273 1561 417 1654 petitum
446 1561 498 1625 sit.
553 1559 709 1625 Attamen
744 1583 781 1626 re
817 1556 1001 1643 accuratius
1041 1585 1184 1657 excussa,

151 1664 245 1732 aliud
266 1656 478 1731 statuendum
500 1661 677 1730 videbitur.

240 1769 375 1859 Etenim
408 1768 595 1834 testimonio
618 1766 698 1848 hoc,
732 1766 825 1858 quod
853 1769 966 1859 utique
992 1769 1086 1836 brevi
1113 1789 1192 1863 post

153 1897 284 1939 eausam
314 1872 461 1937 Anaxini
490 1872 739 1962 scriptumest,
763 1872 1003 1941 Demosthenes
1033 1899 1110 1942 usus
1139 1893 1189 1943 est

152 1978 310 2042 incensa
342 1975 384 2041 de
412 1999 550 2056 corona,
581 1973 661 2071 inde
689 1977 848 2043 nimirum
870 1979 992 2069 petito,
1027 1997 1191 2076 quotum

152 2082 438 2173 repositumherat.
467 2073 678 2171 ¹Repositum
700 2096 811 2148 autem
833 2106 903 2148 esse
930 2101 1002 2180 tum
1022 2071 1190 2176 Potestin

153 2202 345 2278 praetorum
368 2182 544 2262 tabulario,
572 2185 601 2247 si
624 2207 720 2250 causa
741 2209 761 2249 a
782 2187 1008 2267 Demosthene
1030 2188 1072 2256 ad
1094 2214 1192 2281 prae-

154 2307 243 2357 tores
269 2286 378 2359 delata
414 2286 454 2352 ab
483 2287 564 2376 ipsis
603 2287 811 2379 praetoribus
843 2287 987 2374 iudicata
1019 2295 1071 2365 sit.
1122 2292 1192 2361 Sed
1255 2336 1257 2342 ι

154 2393 220 2460 hoe
241 2407 406 2484 repugnat
427 2388 638 2466 Atheniensis
661 2391 711 2468 rei
740 2389 895 2482 publicae
918 2394 1087 2465 institutis.
1131 2397 1191 2463 Ni-

156 2499 281 2564 mirum
303 2493 543 2582 Demosthenes
571 2492 773 2571 Aeschinem
799 2493 841 2559 ad
871 2514 1039 2586 praetores
1062 2495 1192 2583 detulit,

148 2612 207 2682 nt,
238 2623 304 2692 quo
336 2599 465 2690 gravius
488 2596 530 2663 de
552 2621 591 2664 eo
614 2597 818 2690 supplicium
841 2599 952 2681 fieret,
975 2602 1016 2677 ab
1037 2601 1090 2683 his
1112 2605 1194 2696 ipsis

129 2789 132 2794 Ι
159 2706 244 2773 actio
274 2706 513 2779 institueretur.
568 2703 738 2783 Praetores
771 2705 862 2788 enim
889 2703 1001 2775 solitos
1035 2732 1105 2776 esse
1134 2711 1193 2792 eis,

106 2870 108 2874 ,
160 2811 221 2901 qui
248 2832 326 2874 cum
353 2807 446 2894 hoste
480 2806 738 2880 familiaritatem
766 2808 960 2892 habuerint,
993 2811 1195 2905 proditionis
1272 2797 1273 2801 Ἰ

159 2913 253 2980 litem
275 2911 464 2995 intendere,
496 2911 605 3004 liquet
636 2936 675 2978 ex
706 2935 802 2983 causa
828 2911 1057 3004 Antiphontea
1080 2932 1113 2986 et
1133 2918 1194 2997 illo

161 3030 292 3085 senatus
329 3007 495 3096 consulto,
525 3015 617 3106 qnod
649 3017 685 3082 iu
710 3016 930 3108 Antiphontis
962 3020 1029 3088 rita
1056 3026 1197 3098 serravit
1230 3039 1232 3044 ’

160 3115 530 3215 Pseudo-Plutarchus.
575 3121 617 3183 V.
639 3118 793 3199 Schoem.
816 3119 858 3186 de
872 3121 991 3189 Comit.
1013 3149 1048 3216 p.
1061 3149 1122 3195 202
1145 3151 1196 3222 sq,

161 3224 372 3292 Praetoribus
395 3241 504 3309 autem
531 3249 626 3291 causa
659 3222 824 3300 eiusmodi
852 3225 900 3302 ad!
927 3245 1078 3303 senatum
1106 3231 1197 3302 dese.

160 3327 267 3395 renda
289 3325 449 3427 erat,]qui
467 3351 541 3398 reos
565 3344 621 3405 aut
642 3326 752 3399 statim
773 3323 949 3409 Heliastico
972 3331 1122 3409 tradebat
1142 3337 1196 3410 inv
1237 3363 1241 3369 ⁶

162 3431 263 3512 dicio,
286 3430 322 3496 id
337 3427 436 3529 'quod
464 3431 502 3497 in
533 3427 590 3497 illa
619 3428 837 3523 Antiphontis
852 3458 970 3513 *eausa-
993 3435 1197 3522 factumest,

163 3554 219 3603 aut
240 3530 404 3602 delatione
427 3533 468 3602 ad
489 3534 654 3627 populum
676 3533 839 3627 delegata,
861 3537 942 3613 huic
964 3541 1049 3632 quid
1075 3543 1196 3617 de'reo
1235 3539 1239 3546 ’

163 3639 376 3708 statuendum
402 3655 485 3704 esset
511 3641 731 3730 permittebat.
775 3641 858 3706 Erat
884 3643 975 3710 enim
996 3644 1060 3713 hoe
1083 3649 1206 3715 causae

111 3799 113 3802 Α
163 3769 267 3836 genus
289 3743 336 3823 id,
360 3740 451 3835 quod
473 3742 640 3828 εἱςαγγελία
661 3761 804 3826 vocatur,
828 3745 870 3812 de
893 3772 959 3840 qua
979 3752 1109 3842 egregie
1132 3756 1199 3843 egit
1258 3733 1260 3740 Ι

164 3848 386 3915 Schoemann.
418 3845 459 3912 de
491 3845 613 3914 Comit.
642 3874 677 3941 p.
715 3873 773 3940 ¹7⁰
807 3875 881 3943 sqq.
926 3851 1039 3921 Simili
1070 3861 1199 3925 ratione
1289 3889 1293 3896 ·

164 3947 207 4019 in'
224 3952 286 4039 hac
309 3973 443 4042 quoque
466 3973 564 4016 causa
586 3970 696 4019 actum
718 3977 803 4039 esse,
833 3957 936 4047 ipsius
958 3958 1008 4032 rei
1033 3960 1117 4027 ratio
1140 3959 1200 4029 do-

164 4074 244 4127 cet..
281 4056 334 4120 Et¹
357 4077 392 4120 ex
422 4054 538 4143 verbis¹
560 4054 753 4147 Aeschinis,
784 4082 886 4152 supra
924 4059 1048 4148 allatis,
1079 4065 1200 4156 proba·
1228 4068 1231 4072 ’
1258 4057 1260 4061 ’
