2594 4672
561 249 717 354 *Q-

118 416 365 508 'Demosthenis
389 413 481 508 quod
493 432 592 483 exstat
622 417 659 481 in
681 437 728 482 or.
744 414 788 480 de
807 435 876 496 nor.
892 435 928 504 p.
945 415 1020 502 289,
1042 435 1166 481 navar-

117 522 223 588 chum
261 543 340 585 cum
360 516 524 587 ducentis
555 519 702 594 ,navibus
740 514 984 608 Thermopylas
1020 516 1168 584 tendere

121 625 250 702 iubent,
273 621 496 717 etpedestres
519 639 754 714 equestresque
775 621 888 713 copias
910 617 954 686 ad
967 616 1167 689 Eleusinem

123 728 218 795 exire.
274 728 366 809 Quae
397 751 503 818 quum
541 729 589 792 ita
625 728 712 804 sint,
752 725 890 792 omnino
926 747 1061 790 necesse
1103 742 1166 808 est,

121 849 160 897 ut
180 853 246 922 pax
268 829 406 921 Olymp.
431 830 505 910 CX,
533 853 544 894 1
570 827 662 895 bello
684 830 845 919 Byzantio
874 828 1063 920 interrupta
1086 847 1168 897 ante

45 959 46 962 ¹
122 933 272 1026 Philippi
301 935 337 998 in
368 933 543 1004 Graeciam
571 933 826 1023 impressionem
853 955 966 997 rursus
994 932 1039 998 sit
1064 935 1169 1002 resti-

124 1056 202 1107 tuta.
225 1075 270 1088 -
292 1036 361 1104 Sed
382 1038 419 1102 in
440 1036 500 1105 illo
530 1038 602 1128 ipso
630 1034 769 1112 decreto
790 1035 1040 1115 Demosthenis,
1057 1037 1171 1127 vquod

122 1158 292 1234 postremo
322 1143 669 1221 commemoravimus,
697 1141 789 1231 pacis
817 1140 940 1205 iterum
961 1141 1171 1231 compositae

123 1244 251 1313 nullam
273 1244 363 1310 dicas
386 1269 455 1311 esse
484 1246 690 1311 mentionem
716 1246 883 1310 iniectam.
904 1295 906 1299 .
928 1244 1172 1312 Verumenim-

124 1373 202 1416 vero
225 1350 261 1414 in
284 1372 322 1415 eo
345 1373 389 1413 ne
410 1349 540 1415 bellum
571 1347 710 1440 quidem
740 1346 878 1439 Olymp.
910 1348 989 1427 CX,
1024 1372 1035 1413 1
1064 1373 1171 1419 reno·

123 1464 238 1522 vatum.
258 1451 380 1531 diserte
402 1470 697 1520 commemoratur,
740 1449 877 1518 Scilicet
904 1448 1076 1518 decretum
1098 1452 1170 1523 hoc

124 1582 200 1623 eum
223 1557 259 1621 in
282 1554 386 1621 finem
407 1558 570 1648 seriptum
592 1574 655 1636 est,
678 1572 716 1621 ut
739 1555 891 1622 omnibus
907 1555 1070 1648 liqueret,
1093 1583 1171 1627 non

124 1679 191 1727 tam
224 1658 288 1752 pro
319 1683 375 1725 sua
404 1660 555 1750 ipsorum
589 1659 694 1726 salute
721 1657 948 1752 periculosum
977 1684 1054 1726 cum
1086 1663 1171 1729 Phi-

125 1765 220 1855 lippo
242 1761 369 1833 bellum
392 1762 612 1849 Athenienses
642 1765 826 1854 suscipere,
858 1788 958 1856 quam
984 1787 1049 1857 pro
1073 1789 1171 1834 com-

124 1869 221 1934 muni
245 1866 402 1934 Graeciae
423 1863 593 1946 libertate,
625 1868 765 1956 superbe
793 1869 1051 1960 gravissimeque
1077 1871 1170 1938 inlc-

126 1988 216 2049 stata,
239 1985 344 2058 utque
368 1993 406 2032 ea
429 1968 472 2033 de
494 1993 591 2035 eausa
618 1992 732 2035 omnes
755 1969 914 2036 Graeciae
936 1973 1103 2057 ciuitates,
1126 1975 1168 2041 in

25 2129 31 2143 .
124 2076 243 2167 primis
264 2072 417 2137 Thebani
439 2070 482 2136 ad
502 2074 692 2139 societatem
726 2097 803 2140 cum
824 2074 1083 2143 Atheniensibus
1106 2079 1164 2143 in-

127 2175 271 2244 eundam
293 2177 482 2242 accerrimis
505 2176 649 2243 stimulis
669 2180 894 2245 excitarentur.
940 2176 1069 2247 Idcirco
1091 2203 1166 2248 non

127 2278 415 2350 commemoranda
441 2280 498 2347 bic
529 2305 566 2346 ea
589 2298 696 2363 erant,
726 2306 812 2373 quae
839 2284 978 2374 propria
1006 2283 1097 2351 belli*
1111 2286 1169 2352 ine

127 2389 305 2453 citamenta
326 2384 586 2451 Atheniensibus
617 2403 742 2467 essent,
773 2409 851 2479 ergo
873 2411 1003 2480 nepas
1025 2387 1171 2480 quidem

92 2553 93 2556 ,
127 2516 203 2558 cum
216 2489 373 2582 Philippo
397 2489 520 2556 iterum
543 2490 733 2582 composita,
754 2491 945 2582 iterumque
968 2493 1009 2557 ab
1032 2516 1072 2560 eo
1096 2495 1170 2562 vio-

128 2595 203 2674 lata,
227 2596 322 2660 sicuti
347 2616 390 2656 ne
411 2593 448 2658 id
470 2592 610 2687 quidem
632 2594 771 2676 dicitur,
800 2594 995 2687 Philippum
1019 2597 1172 2673 Atticam

128 2695 285 2765 invadere
307 2693 408 2775 velle,
431 2696 523 2787 quod
550 2697 676 2764 dicitnr
703 2698 741 2762 in
766 2714 910 2791 utroque
939 2698 999 2766 illo
1030 2697 1170 2772 decreto

38 2805 40 2810 ’
130 2801 173 2865 da
195 2798 352 2878 induciis,
375 2801 502 2892 quippe
525 2798 619 2892 quod
640 2800 684 2866 ad
705 2793 1091 2896 Philippumsoriptum
1113 2807 1169 2875 sit.

94 2923 97 2929 ’
129 2905 244 2996 Itaque
267 2901 459 2970 indecreto
491 2903 549 2971 illo
580 2907 693 2972 omnia
719 2905 872 3000 Philippi
900 2907 988 2974 mala
1016 2909 1170 2982 facinora

61 3003 64 3007 ¹
129 3009 317 3074 summatim
341 3026 593 3088 enumerantur,
623 3031 661 3074 ea
688 3007 826 3102 quidem
847 3013 1011 3104 primum,
1041 3015 1169 3105 quibus

128 3110 343 3207 praecedenti
367 3129 527 3204 tempore,
549 3136 672 3204 nempe
697 3113 779 3179 inde
807 3114 848 3183 ab
878 3115 1016 3208 Olymp.
1040 3117 1171 3200 CVIII,

130 3240 150 3280 a
177 3239 284 3308 usque
307 3213 508 3310 adOlymp.
532 3217 628 3299 CIX,
658 3218 690 3302 ti,
712 3241 830 3311 pacem
851 3243 932 3287 cum
950 3221 1176 3289 Atheniensi-¹

66 3402 69 3407 θ
128 3319 192 3385 bus
215 3320 432 3413 compositam
453 3319 599 3404 violarit,
628 3338 661 3388 et
683 3345 827 3413 quorum
854 3323 1035 3392 vindictam
1063 3327 1173 3393 Athe-

87 3439 89 3442 ⁴
130 3424 261 3489 nienses
282 3445 346 3515 pro
368 3447 425 3489 sua
447 3427 551 3491 animi
572 3426 803 3517 magnitudine
824 3434 1038 3521 repetendam
1056 3432 1170 3498 minus

131 3552 200 3594 esse
222 3529 429 3611 censuerint3
460 3545 530 3594 tum
551 3554 629 3597 vero
650 3533 806 3617 maxime*
823 3555 870 3613 ea,
894 3557 978 3625 quae
999 3536 1170 3624 praesenti

84 3685 87 3689 ,
131 3651 300 3723 tempore,
331 3631 396 3698 hoc
419 3649 468 3697 est
489 3631 569 3699 inde
592 3634 632 3699 ab
656 3634 795 3727 Olymp.
819 3637 916 3718 CIX,
949 3637 981 3721 4,
1011 3638 1173 3706 adversus

133 3736 276 3802 Graecos
288 3758 413 3801 :omnes
436 3735 612 3830 Philippus
645 3756 678 3805 et
704 3741 840 3807 tentarit
865 3742 985 3808 iniuste
1016 3759 1050 3807 et
1078 3767 1171 3809 erse-

95 3925 97 3929 ·
132 3857 226 3906 cutus
250 3841 301 3920 sit,
325 3863 409 3931 quae
431 3842 496 3907 iam
517 3866 587 3908 non
610 3841 779 3911 toleranda
801 3845 865 3911 sibi
888 3869 957 3912 esse
979 3843 1167 3913 videantur.

134 3945 191 4011 Sic
224 3947 313 4010 enim
344 3947 472 4036 egregie
495 3945 643 4015 additur:
675 3948 859 4042 „quamdiu
889 3950 1043 4029 barbaras
1073 3948 1169 4043 (Illy-

131 4050 195 4116 rias
219 4066 259 4115 et,
272 4049 450 4133 Thracias)
476 4068 576 4142 atque
608 4055 762 4144 proprias
782 4055 840 4142 (in
864 4053 1088 4143 Chersoneso)
1111 4080 1170 4122 ura
