<?xml version="1.0" encoding="UTF-8"?>
<!DOCTYPE html PUBLIC "-//W3C//DTD XHTML 1.0 Transitional//EN"
    "http://www.w3.org/TR/xhtml1/DTD/xhtml1-transitional.dtd">
<html xmlns="http://www.w3.org/1999/xhtml" xml:lang="en" lang="en">
 <head>
  <title>
</title>
<meta http-equiv="Content-Type" content="text/html;charset=utf-8" />
  <meta name='ocr-system' content='tesseract 3.04.00' />
  <meta name='ocr-capabilities' content='ocr_page ocr_carea ocr_par ocr_line ocrx_word'/>
</head>
<body>
  <div class='ocr_page' id='page_1' title='image "./commentariihist00wiengoog_0031.png"; bbox 0 0 2594 4672; ppageno 0'>
   <div class='ocr_carea' id='block_1_1' title="bbox 556 228 677 298">
    <p class='ocr_par' dir='ltr' id='par_1_1' title="bbox 556 228 677 298">
     <span class='ocr_line' id='line_1_1' title="bbox 556 228 677 298; baseline 0.008 -1"><span class='ocrx_word' id='word_1_1' title='bbox 556 228 677 298; x_wconf 65' lang='grc' dir='ltr'><strong>Ι’8</strong></span> 
     </span>
    </p>
   </div>
   <div class='ocr_carea' id='block_1_2' title="bbox 588 323 745 338">
    <p class='ocr_par' dir='ltr' id='par_1_2' title="bbox 588 323 745 338">
     <span class='ocr_line' id='line_1_2' title="bbox 588 323 745 338; baseline -0.013 0"><span class='ocrx_word' id='word_1_2' title='bbox 588 323 745 338; x_wconf 45' lang='grc' dir='ltr'><strong>μ’-</strong></span> 
     </span>
    </p>
   </div>
   <div class='ocr_carea' id='block_1_3' title="bbox 149 398 1193 943">
    <p class='ocr_par' dir='ltr' id='par_1_3' title="bbox 149 398 1192 908">
     <span class='ocr_line' id='line_1_3' title="bbox 149 398 1192 494; baseline 0.003 -26"><span class='ocrx_word' id='word_1_3' title='bbox 149 419 259 468; x_wconf 86' lang='lat' dir='ltr'><strong>terum</strong></span> <span class='ocrx_word' id='word_1_4' title='bbox 288 398 517 494; x_wconf 87' lang='lat' dir='ltr'><strong>quantumin</strong></span> <span class='ocrx_word' id='word_1_5' title='bbox 548 400 645 468; x_wconf 90' lang='lat' dir='ltr'><strong>nobis</strong></span> <span class='ocrx_word' id='word_1_6' title='bbox 674 417 759 484; x_wconf 88' lang='lat' dir='ltr'><strong>erat,</strong></span> <span class='ocrx_word' id='word_1_7' title='bbox 794 425 930 492; x_wconf 84' lang='lat' dir='ltr'>operam</span> <span class='ocrx_word' id='word_1_8' title='bbox 952 398 1122 487; x_wconf 78' lang='lat' dir='ltr'><strong>dedimus,</strong></span> <span class='ocrx_word' id='word_1_9' title='bbox 1152 421 1192 474; x_wconf 89' lang='lat' dir='ltr'><strong>ut</strong></span> 
     </span>
     <span class='ocr_line' id='line_1_4' title="bbox 151 502 1192 598; baseline 0.006 -28"><span class='ocrx_word' id='word_1_10' title='bbox 151 503 351 573; x_wconf 89' lang='lat' dir='ltr'><strong>elaborando</strong></span> <span class='ocrx_word' id='word_1_11' title='bbox 374 502 504 596; x_wconf 89' lang='lat' dir='ltr'><strong>aliquid</strong></span> <span class='ocrx_word' id='word_1_12' title='bbox 525 504 754 598; x_wconf 88' lang='lat' dir='ltr'><strong>proficeretur.</strong></span> <span class='ocrx_word' id='word_1_13' title='bbox 805 505 1031 588; x_wconf 83' lang='lat' dir='ltr'><strong>Quamobrem</strong></span> <span class='ocrx_word' id='word_1_14' title='bbox 1061 509 1192 578; x_wconf 87' lang='lat' dir='ltr'><strong>sinon</strong></span> 
     </span>
     <span class='ocr_line' id='line_1_5' title="bbox 150 607 1192 728; baseline 0.008 -54"><span class='ocrx_word' id='word_1_15' title='bbox 150 609 187 675; x_wconf 90' lang='lat' dir='ltr'><strong>in</strong></span> <span class='ocrx_word' id='word_1_16' title='bbox 209 610 307 675; x_wconf 89' lang='lat' dir='ltr'><strong>rebus</strong></span> <span class='ocrx_word' id='word_1_17' title='bbox 328 632 449 728; x_wconf 80' lang='lat' dir='ltr'><strong>parum</strong></span> <span class='ocrx_word' id='word_1_18' title='bbox 470 607 656 690; x_wconf 85' lang='lat' dir='ltr'><strong>fructuosis,</strong></span> <span class='ocrx_word' id='word_1_19' title='bbox 678 631 744 675; x_wconf 88' lang='lat' dir='ltr'><strong>nec</strong></span> <span class='ocrx_word' id='word_1_20' title='bbox 756 608 876 674; x_wconf 80' lang='lat' dir='ltr'><strong>frustra</strong></span> <span class='ocrx_word' id='word_1_21' title='bbox 887 607 1064 678; x_wconf 89' lang='lat' dir='ltr'><strong>desudasse</strong></span> <span class='ocrx_word' id='word_1_22' title='bbox 1078 614 1192 682; x_wconf 90' lang='lat' dir='ltr'><strong>existi-</strong></span> 
     </span>
     <span class='ocr_line' id='line_1_6' title="bbox 150 710 1193 835; baseline 0.007 -56"><span class='ocrx_word' id='word_1_23' title='bbox 150 713 333 808; x_wconf 87' lang='lat' dir='ltr'><strong>mabimur‚</strong></span> <span class='ocrx_word' id='word_1_24' title='bbox 365 714 452 780; x_wconf 90' lang='lat' dir='ltr'><strong>satis</strong></span> <span class='ocrx_word' id='word_1_25' title='bbox 462 710 615 782; x_wconf 83' lang='lat' dir='ltr'><strong>laborum</strong></span> <span class='ocrx_word' id='word_1_26' title='bbox 636 710 763 780; x_wconf 82' lang='lat' dir='ltr'><strong>fructus</strong></span> <span class='ocrx_word' id='word_1_27' title='bbox 784 713 881 781; x_wconf 91' lang='lat' dir='ltr'><strong>nobis</strong></span> <span class='ocrx_word' id='word_1_28' title='bbox 903 712 1094 784; x_wconf 88' lang='lat' dir='ltr'><strong>videbimur</strong></span> <span class='ocrx_word' id='word_1_29' title='bbox 1113 742 1193 835; x_wconf 89' lang='lat' dir='ltr'><strong>per·</strong></span> 
     </span>
     <span class='ocr_line' id='line_1_7' title="bbox 149 819 289 943; baseline 0.008 -60"><span class='ocrx_word' id='word_1_30' title='bbox 149 819 289 943; x_wconf 83' lang='lat' dir='ltr'><strong>cepisse.</strong></span> 
     </span>
    </p>
   </div>
   <div class='ocr_carea' id='block_1_4' title="bbox 151 1128 1195 1436">
    <p class='ocr_par' dir='ltr' id='par_1_4' title="bbox 151 1128 1195 1436">
     <span class='ocr_line' id='line_1_8' title="bbox 183 1128 1194 1230; baseline 0.009 -37"><span class='ocrx_word' id='word_1_31' title='bbox 183 1188 184 1191; x_wconf 73' lang='grc'>,</span> <span class='ocrx_word' id='word_1_32' title='bbox 237 1128 293 1195; x_wconf 90' lang='lat' dir='ltr'><strong>Ad</strong></span> <span class='ocrx_word' id='word_1_33' title='bbox 315 1131 422 1223; x_wconf 86' lang='lat' dir='ltr'><strong>ipsam</strong></span> <span class='ocrx_word' id='word_1_34' title='bbox 443 1131 547 1226; x_wconf 83' lang='lat' dir='ltr'><strong>igitur</strong></span> <span class='ocrx_word' id='word_1_35' title='bbox 575 1155 649 1200; x_wconf 89' lang='lat' dir='ltr'><strong>rem</strong></span> <span class='ocrx_word' id='word_1_36' title='bbox 682 1131 916 1202; x_wconf 80' lang='lat' dir='ltr'><strong>accedentibus</strong></span> <span class='ocrx_word' id='word_1_37' title='bbox 938 1132 981 1202; x_wconf 89' lang='lat' dir='ltr'><strong>de</strong></span> <span class='ocrx_word' id='word_1_38' title='bbox 1008 1136 1118 1230; x_wconf 89' lang='lat' dir='ltr'><strong>operis</strong></span> <span class='ocrx_word' id='word_1_39' title='bbox 1140 1135 1194 1202; x_wconf 90' lang='lat' dir='ltr'><strong>in-</strong></span> 
     </span>
     <span class='ocr_line' id='line_1_9' title="bbox 152 1232 1193 1332; baseline 0.01 -34"><span class='ocrx_word' id='word_1_40' title='bbox 152 1232 312 1300; x_wconf 90' lang='lat' dir='ltr'><strong>stituendi</strong></span> <span class='ocrx_word' id='word_1_41' title='bbox 333 1236 463 1302; x_wconf 91' lang='lat' dir='ltr'><strong>ratione</strong></span> <span class='ocrx_word' id='word_1_42' title='bbox 484 1237 734 1331; x_wconf 83' lang='lat' dir='ltr'><strong>praemonenda</strong></span> <span class='ocrx_word' id='word_1_43' title='bbox 756 1264 824 1310; x_wconf 90' lang='lat' dir='ltr'><strong>esse</strong></span> <span class='ocrx_word' id='word_1_44' title='bbox 847 1239 1012 1332; x_wconf 88' lang='lat' dir='ltr'><strong>quaedam</strong></span> <span class='ocrx_word' id='word_1_45' title='bbox 1027 1239 1193 1308; x_wconf 88' lang='lat' dir='ltr'><strong>videntur.</strong></span> 
     </span>
     <span class='ocr_line' id='line_1_10' title="bbox 151 1336 1195 1436; baseline 0.011 -35"><span class='ocrx_word' id='word_1_46' title='bbox 151 1336 290 1404; x_wconf 87' lang='lat' dir='ltr'><strong>Etenim</strong></span> <span class='ocrx_word' id='word_1_47' title='bbox 312 1364 351 1406; x_wconf 81' lang='lat' dir='ltr'><strong>ex</strong></span> <span class='ocrx_word' id='word_1_48' title='bbox 372 1338 441 1408; x_wconf 91' lang='lat' dir='ltr'><strong>sola</strong></span> <span class='ocrx_word' id='word_1_49' title='bbox 470 1341 548 1407; x_wconf 86' lang='lat' dir='ltr'><strong>libri</strong></span> <span class='ocrx_word' id='word_1_50' title='bbox 574 1342 675 1410; x_wconf 91' lang='lat' dir='ltr'><strong>huius</strong></span> <span class='ocrx_word' id='word_1_51' title='bbox 704 1346 929 1436; x_wconf 87' lang='lat' dir='ltr'><strong>inscriptione.</strong></span> <span class='ocrx_word' id='word_1_52' title='bbox 953 1370 1026 1411; x_wconf 88' lang='lat' dir='ltr'><strong>eam</strong></span> <span class='ocrx_word' id='word_1_53' title='bbox 1057 1345 1195 1412; x_wconf 88' lang='lat' dir='ltr'><strong>fortasse</strong></span> 
     </span>
    </p>
   </div>
   <div class='ocr_carea' id='block_1_5' title="bbox 49 1443 1196 1539">
    <p class='ocr_par' dir='ltr' id='par_1_5' title="bbox 49 1443 1196 1539">
     <span class='ocr_line' id='line_1_11' title="bbox 49 1443 1196 1539; baseline 0.01 -35"><span class='ocrx_word' id='word_1_54' title='bbox 49 1454 52 1458; x_wconf 87' lang='grc'>’</span> <span class='ocrx_word' id='word_1_55' title='bbox 153 1443 323 1535; x_wconf 88' lang='lat' dir='ltr'><strong>quispiam</strong></span> <span class='ocrx_word' id='word_1_56' title='bbox 346 1446 540 1539; x_wconf 88' lang='lat' dir='ltr'><strong>opinionem</strong></span> <span class='ocrx_word' id='word_1_57' title='bbox 561 1448 597 1513; x_wconf 91' lang='lat' dir='ltr'><strong>in</strong></span> <span class='ocrx_word' id='word_1_58' title='bbox 620 1451 771 1515; x_wconf 88' lang='lat' dir='ltr'><strong>animum</strong></span> <span class='ocrx_word' id='word_1_59' title='bbox 792 1449 973 1530; x_wconf 84' lang='lat' dir='ltr'><strong>induxerit,</strong></span> <span class='ocrx_word' id='word_1_60' title='bbox 997 1447 1196 1515; x_wconf 87' lang='lat' dir='ltr'><strong>observatio-</strong></span> 
     </span>
    </p>
   </div>
   <div class='ocr_carea' id='block_1_6' title="bbox 49 1540 1262 2404">
    <p class='ocr_par' dir='ltr' id='par_1_6' title="bbox 49 1540 1262 2374">
     <span class='ocr_line' id='line_1_12' title="bbox 152 1540 1262 1646; baseline 0.005 -35"><span class='ocrx_word' id='word_1_61' title='bbox 152 1569 236 1612; x_wconf 89' lang='lat' dir='ltr'><strong>num</strong></span> <span class='ocrx_word' id='word_1_62' title='bbox 256 1548 496 1627; x_wconf 86' lang='lat' dir='ltr'><strong>historicarum¹</strong></span> <span class='ocrx_word' id='word_1_63' title='bbox 513 1555 703 1646; x_wconf 87' lang='lat' dir='ltr'><strong>congeriem</strong></span> <span class='ocrx_word' id='word_1_64' title='bbox 732 1551 927 1620; x_wconf 86' lang='lat' dir='ltr'><strong>collecturos</strong></span> <span class='ocrx_word' id='word_1_65' title='bbox 957 1574 1024 1617; x_wconf 50' lang='lat' dir='ltr'><strong>nos¹</strong></span> <span class='ocrx_word' id='word_1_66' title='bbox 1051 1571 1121 1616; x_wconf 91' lang='lat' dir='ltr'><strong>esse</strong></span> <span class='ocrx_word' id='word_1_67' title='bbox 1151 1549 1195 1617; x_wconf 90' lang='lat' dir='ltr'><strong>ad</strong></span> <span class='ocrx_word' id='word_1_68' title='bbox 1253 1540 1262 1557; x_wconf 73' lang='grc'><strong>’</strong></span> 
     </span>
     <span class='ocr_line' id='line_1_13' title="bbox 153 1654 1255 1747; baseline 0.007 -33"><span class='ocrx_word' id='word_1_69' title='bbox 153 1674 227 1716; x_wconf 88' lang='lat' dir='ltr'><strong>eam</strong></span> <span class='ocrx_word' id='word_1_70' title='bbox 255 1676 370 1721; x_wconf 89' lang='lat' dir='ltr'><strong>rerum</strong></span> <span class='ocrx_word' id='word_1_71' title='bbox 399 1657 521 1722; x_wconf 89' lang='lat' dir='ltr'><strong>seriem</strong></span> <span class='ocrx_word' id='word_1_72' title='bbox 550 1656 847 1736; x_wconf 85' lang='lat' dir='ltr'><strong>accommodatam,</strong></span> <span class='ocrx_word' id='word_1_73' title='bbox 885 1678 951 1747; x_wconf 87' lang='lat' dir='ltr'><strong>qua</strong></span> <span class='ocrx_word' id='word_1_74' title='bbox 978 1654 1016 1718; x_wconf 89' lang='lat' dir='ltr'><strong>in</strong></span> <span class='ocrx_word' id='word_1_75' title='bbox 1046 1654 1196 1722; x_wconf 89' lang='lat' dir='ltr'><strong>oratioue</strong></span> <span class='ocrx_word' id='word_1_76' title='bbox 1253 1675 1255 1684; x_wconf 80' lang='grc'><em>’</em></span> 
     </span>
     <span class='ocr_line' id='line_1_14' title="bbox 49 1755 1196 1852; baseline 0.006 -33"><span class='ocrx_word' id='word_1_77' title='bbox 49 1826 66 1838; x_wconf 21' lang='grc' dir='ltr'><strong>,Ι</strong></span> <span class='ocrx_word' id='word_1_78' title='bbox 114 1787 116 1791; x_wconf 95' lang='grc'><strong><em>·</em></strong></span> <span class='ocrx_word' id='word_1_79' title='bbox 151 1755 225 1847; x_wconf 90' lang='lat' dir='ltr'><strong>ipsa</strong></span> <span class='ocrx_word' id='word_1_80' title='bbox 259 1783 374 1828; x_wconf 86' lang='lat' dir='ltr'><strong>earum</strong></span> <span class='ocrx_word' id='word_1_81' title='bbox 404 1761 530 1824; x_wconf 87' lang='lat' dir='ltr'><strong>mentio</strong></span> <span class='ocrx_word' id='word_1_82' title='bbox 562 1759 630 1825; x_wconf 86' lang='lat' dir='ltr'><strong>fiat.</strong></span> <span class='ocrx_word' id='word_1_83' title='bbox 680 1759 857 1852; x_wconf 89' lang='lat' dir='ltr'><strong>Aptiorem</strong></span> <span class='ocrx_word' id='word_1_84' title='bbox 883 1758 931 1823; x_wconf 89' lang='lat' dir='ltr'><strong>ita</strong></span> <span class='ocrx_word' id='word_1_85' title='bbox 957 1758 1034 1823; x_wconf 90' lang='lat' dir='ltr'><strong>usui</strong></span> <span class='ocrx_word' id='word_1_86' title='bbox 1059 1758 1196 1826; x_wconf 86' lang='lat' dir='ltr'><strong>sortasse</strong></span> 
     </span>
     <span class='ocr_line' id='line_1_15' title="bbox 151 1859 1198 1956; baseline 0.006 -31"><span class='ocrx_word' id='word_1_87' title='bbox 151 1859 279 1952; x_wconf 88' lang='lat' dir='ltr'><strong>librum</strong></span> <span class='ocrx_word' id='word_1_88' title='bbox 301 1860 594 1944; x_wconf 69' lang='lat' dir='ltr'><strong>reddidissemus,</strong></span> <span class='ocrx_word' id='word_1_89' title='bbox 610 1862 649 1928; x_wconf 89' lang='lat' dir='ltr'><strong>in</strong></span> <span class='ocrx_word' id='word_1_90' title='bbox 678 1887 746 1956; x_wconf 87' lang='lat' dir='ltr'><strong>quo</strong></span> <span class='ocrx_word' id='word_1_91' title='bbox 769 1862 875 1927; x_wconf 88' lang='lat' dir='ltr'><strong>lector</strong></span> <span class='ocrx_word' id='word_1_92' title='bbox 900 1861 937 1928; x_wconf 90' lang='lat' dir='ltr'><strong>in</strong></span> <span class='ocrx_word' id='word_1_93' title='bbox 967 1863 1117 1929; x_wconf 83' lang='lat' dir='ltr'><strong>oratione</strong></span> <span class='ocrx_word' id='word_1_94' title='bbox 1140 1881 1198 1931; x_wconf 77' lang='lat' dir='ltr'><strong>ott-&#39;-</strong></span> 
     </span>
     <span class='ocr_line' id='line_1_16' title="bbox 153 1964 1198 2058; baseline 0.004 -28"><span class='ocrx_word' id='word_1_95' title='bbox 153 1980 291 2054; x_wconf 89' lang='lat' dir='ltr'><strong>eupatus</strong></span> <span class='ocrx_word' id='word_1_96' title='bbox 314 1965 424 2029; x_wconf 88' lang='lat' dir='ltr'><strong>statim</strong></span> <span class='ocrx_word' id='word_1_97' title='bbox 446 1966 483 2031; x_wconf 91' lang='lat' dir='ltr'><strong>in</strong></span> <span class='ocrx_word' id='word_1_98' title='bbox 497 1984 563 2058; x_wconf 88' lang='lat' dir='ltr'><strong>qua</strong></span> <span class='ocrx_word' id='word_1_99' title='bbox 584 1989 700 2032; x_wconf 89' lang='lat' dir='ltr'><strong>rerum</strong></span> <span class='ocrx_word' id='word_1_100' title='bbox 721 1965 918 2034; x_wconf 85' lang='lat' dir='ltr'><strong>obscuritate</strong></span> <span class='ocrx_word' id='word_1_101' title='bbox 932 1964 1116 2050; x_wconf 84' lang='lat' dir='ltr'><strong>offenderit,</strong></span> <span class='ocrx_word' id='word_1_102' title='bbox 1140 1992 1198 2034; x_wconf 84' lang='lat' dir='ltr'><strong>ex-</strong></span> 
     </span>
     <span class='ocr_line' id='line_1_17' title="bbox 150 2060 1198 2166; baseline 0.01 -35"><span class='ocrx_word' id='word_1_103' title='bbox 150 2065 320 2159; x_wconf 84' lang='lat' dir='ltr'><strong>planatam</strong></span> <span class='ocrx_word' id='word_1_104' title='bbox 339 2060 514 2162; x_wconf 82' lang='lat' dir='ltr'><strong>reperiret.</strong></span> <span class='ocrx_word' id='word_1_105' title='bbox 561 2068 661 2154; x_wconf 88' lang='lat' dir='ltr'><strong>Quod</strong></span> <span class='ocrx_word' id='word_1_106' title='bbox 690 2088 802 2137; x_wconf 91' lang='lat' dir='ltr'><strong>tamen</strong></span> <span class='ocrx_word' id='word_1_107' title='bbox 835 2096 943 2166; x_wconf 87' lang='lat' dir='ltr'><strong>quum</strong></span> <span class='ocrx_word' id='word_1_108' title='bbox 968 2070 1026 2137; x_wconf 79' lang='lat' dir='ltr'><strong>alii</strong></span> <span class='ocrx_word' id='word_1_109' title='bbox 1052 2073 1198 2141; x_wconf 89' lang='lat' dir='ltr'><strong>orationi</strong></span> 
     </span>
     <span class='ocr_line' id='line_1_18' title="bbox 152 2171 1198 2263; baseline 0.007 -27"><span class='ocrx_word' id='word_1_110' title='bbox 152 2192 291 2263; x_wconf 88' lang='lat' dir='ltr'><strong>prorsus</strong></span> <span class='ocrx_word' id='word_1_111' title='bbox 311 2171 519 2256; x_wconf 85' lang='lat' dir='ltr'><strong>conveniret,</strong></span> <span class='ocrx_word' id='word_1_112' title='bbox 547 2175 584 2241; x_wconf 91' lang='lat' dir='ltr'><strong>in</strong></span> <span class='ocrx_word' id='word_1_113' title='bbox 607 2175 842 2256; x_wconf 87' lang='lat' dir='ltr'><strong>Demosthenis</strong></span> <span class='ocrx_word' id='word_1_114' title='bbox 872 2175 914 2243; x_wconf 92' lang='lat' dir='ltr'><strong>de</strong></span> <span class='ocrx_word' id='word_1_115' title='bbox 945 2198 1070 2244; x_wconf 90' lang='lat' dir='ltr'><strong>corona</strong></span> <span class='ocrx_word' id='word_1_116' title='bbox 1096 2178 1198 2243; x_wconf 91' lang='lat' dir='ltr'><strong>nimis</strong></span> 
     </span>
     <span class='ocr_line' id='line_1_19' title="bbox 151 2266 1245 2404; baseline 0.005 -62"><span class='ocrx_word' id='word_1_117' title='bbox 151 2266 406 2345; x_wconf 85' lang='lat' dir='ltr'><strong>incommodum</strong></span> <span class='ocrx_word' id='word_1_118' title='bbox 430 2297 523 2346; x_wconf 89' lang='lat' dir='ltr'><strong>esset.</strong></span> <span class='ocrx_word' id='word_1_119' title='bbox 568 2282 768 2374; x_wconf 88' lang='lat' dir='ltr'><strong>Perpetuam</strong></span> <span class='ocrx_word' id='word_1_120' title='bbox 794 2282 906 2372; x_wconf 90' lang='lat' dir='ltr'><strong>potius</strong></span> <span class='ocrx_word' id='word_1_121' title='bbox 928 2304 1044 2404; x_wconf 82' lang='lat' dir='ltr'><strong>rerum</strong></span> <span class='ocrx_word' id='word_1_122' title='bbox 1065 2306 1200 2379; x_wconf 82' lang='lat' dir='ltr'><strong>enarra·</strong></span> <span class='ocrx_word' id='word_1_123' title='bbox 1242 2307 1245 2310; x_wconf 53' lang='lat'><strong>⁴</strong></span> 
     </span>
    </p>
   </div>
   <div class='ocr_carea' id='block_1_7' title="bbox 85 2424 1205 4042">
    <p class='ocr_par' dir='ltr' id='par_1_7' title="bbox 85 2424 1205 4042">
     <span class='ocr_line' id='line_1_20' title="bbox 153 2424 1199 2583; baseline 0.005 -33"><span class='ocrx_word' id='word_1_124' title='bbox 153 2424 365 2554; x_wconf 78' lang='lat' dir='ltr'><strong>ridebatur.</strong></span> <span class='ocrx_word' id='word_1_125' title='bbox 383 2487 439 2555; x_wconf 89' lang='lat' dir='ltr'><strong>Ad</strong></span> <span class='ocrx_word' id='word_1_126' title='bbox 456 2488 586 2583; x_wconf 86' lang='lat' dir='ltr'><strong>quod</strong></span> <span class='ocrx_word' id='word_1_127' title='bbox 571 2492 663 2555; x_wconf 90' lang='lat' dir='ltr'><strong>enim</strong></span> <span class='ocrx_word' id='word_1_128' title='bbox 676 2509 846 2558; x_wconf 80' lang='lat' dir='ltr'><strong>elatorum</strong></span> <span class='ocrx_word' id='word_1_129' title='bbox 864 2481 1041 2582; x_wconf 81' lang='lat' dir='ltr'><strong>interpreti</strong></span> <span class='ocrx_word' id='word_1_130' title='bbox 1055 2492 1199 2558; x_wconf 83' lang='lat' dir='ltr'><strong>maxime</strong></span> 
     </span>
     <span class='ocr_line' id='line_1_21' title="bbox 153 2577 1200 2684; baseline 0.002 -28"><span class='ocrx_word' id='word_1_131' title='bbox 153 2581 365 2658; x_wconf 88' lang='lat' dir='ltr'><strong>tendebdum</strong></span> <span class='ocrx_word' id='word_1_132' title='bbox 387 2617 457 2658; x_wconf 87' lang='lat' dir='ltr'><strong>esse</strong></span> <span class='ocrx_word' id='word_1_133' title='bbox 479 2577 676 2675; x_wconf 85' lang='lat' dir='ltr'><strong>iudicamus,</strong></span> <span class='ocrx_word' id='word_1_134' title='bbox 699 2611 737 2661; x_wconf 93' lang='lat' dir='ltr'><strong>ut</strong></span> <span class='ocrx_word' id='word_1_135' title='bbox 750 2592 895 2659; x_wconf 85' lang='lat' dir='ltr'><strong>vividam</strong></span> <span class='ocrx_word' id='word_1_136' title='bbox 911 2612 1102 2684; x_wconf 90' lang='lat' dir='ltr'><strong>temporum</strong></span> <span class='ocrx_word' id='word_1_137' title='bbox 1117 2595 1200 2659; x_wconf 86' lang='lat' dir='ltr'><strong>ima-</strong></span> 
     </span>
     <span class='ocr_line' id='line_1_22' title="bbox 149 2686 1201 2788; baseline 0 -28"><span class='ocrx_word' id='word_1_138' title='bbox 149 2697 269 2785; x_wconf 75' lang='lat' dir='ltr'><strong>ginem</strong></span> <span class='ocrx_word' id='word_1_139' title='bbox 291 2686 454 2775; x_wconf 71' lang='lat' dir='ltr'><strong>erhibeat,</strong></span> <span class='ocrx_word' id='word_1_140' title='bbox 477 2695 664 2788; x_wconf 88' lang='lat' dir='ltr'><strong>lectorique</strong></span> <span class='ocrx_word' id='word_1_141' title='bbox 687 2720 724 2762; x_wconf 91' lang='lat' dir='ltr'><strong>ea</strong></span> <span class='ocrx_word' id='word_1_142' title='bbox 746 2695 894 2765; x_wconf 90' lang='lat' dir='ltr'><strong>subsidia</strong></span> <span class='ocrx_word' id='word_1_143' title='bbox 916 2713 1102 2816; x_wconf 78' lang='lat' dir='ltr'><strong>comparet,</strong></span> <span class='ocrx_word' id='word_1_144' title='bbox 1125 2695 1201 2786; x_wconf 79' lang='lat' dir='ltr'><strong>qui-</strong></span> 
     </span>
     <span class='ocr_line' id='line_1_23' title="bbox 150 2796 1202 2880; baseline 0 -16"><span class='ocrx_word' id='word_1_145' title='bbox 150 2798 218 2864; x_wconf 87' lang='lat' dir='ltr'><strong>bus</strong></span> <span class='ocrx_word' id='word_1_146' title='bbox 240 2799 379 2873; x_wconf 82' lang='lat' dir='ltr'><strong>auditor</strong></span> <span class='ocrx_word' id='word_1_147' title='bbox 407 2799 530 2867; x_wconf 92' lang='lat' dir='ltr'><strong>olim</strong></span> <span class='ocrx_word' id='word_1_148' title='bbox 520 2817 700 2866; x_wconf 84' lang='lat' dir='ltr'><strong>rustructus</strong></span> <span class='ocrx_word' id='word_1_149' title='bbox 730 2799 849 2880; x_wconf 84' lang='lat' dir='ltr'><strong>fuerit,</strong></span> <span class='ocrx_word' id='word_1_150' title='bbox 880 2797 959 2864; x_wconf 91' lang='lat' dir='ltr'><strong>id</strong></span> <span class='ocrx_word' id='word_1_151' title='bbox 948 2822 986 2865; x_wconf 89' lang='lat' dir='ltr'><strong>m</strong></span> <span class='ocrx_word' id='word_1_152' title='bbox 1013 2797 1106 2864; x_wconf 88' lang='lat' dir='ltr'><strong>nulla</strong></span> <span class='ocrx_word' id='word_1_153' title='bbox 1136 2796 1202 2864; x_wconf 88' lang='lat' dir='ltr'><strong>alia</strong></span> 
     </span>
     <span class='ocr_line' id='line_1_24' title="bbox 104 2902 1202 3010; baseline -0.002 -39"><span class='ocrx_word' id='word_1_154' title='bbox 104 2928 125 2963; x_wconf 81' lang='lat'><strong>··</strong></span> <span class='ocrx_word' id='word_1_155' title='bbox 150 2905 308 2971; x_wconf 88' lang='lat' dir='ltr'><strong>oratione</strong></span> <span class='ocrx_word' id='word_1_156' title='bbox 338 2903 453 2972; x_wconf 91' lang='lat' dir='ltr'><strong>locum</strong></span> <span class='ocrx_word' id='word_1_157' title='bbox 480 2920 548 2970; x_wconf 89' lang='lat' dir='ltr'><strong>tam</strong></span> <span class='ocrx_word' id='word_1_158' title='bbox 575 2904 752 2997; x_wconf 84' lang='lat' dir='ltr'><strong>proprium</strong></span> <span class='ocrx_word' id='word_1_159' title='bbox 775 2902 900 3010; x_wconf 89' lang='lat' dir='ltr'><strong>habet,</strong></span> <span class='ocrx_word' id='word_1_160' title='bbox 936 2926 1037 2994; x_wconf 87' lang='lat' dir='ltr'><strong>quam</strong></span> <span class='ocrx_word' id='word_1_161' title='bbox 1072 2903 1109 2967; x_wconf 92' lang='lat' dir='ltr'><strong>in</strong></span> <span class='ocrx_word' id='word_1_162' title='bbox 1137 2902 1202 2969; x_wconf 89' lang='lat' dir='ltr'><strong>hac</strong></span> 
     </span>
     <span class='ocr_line' id='line_1_25' title="bbox 85 2979 1201 3100; baseline 0 -27"><span class='ocrx_word' id='word_1_163' title='bbox 85 3090 87 3094; x_wconf 10' lang='grc' dir='ltr'><em>Α</em></span> <span class='ocrx_word' id='word_1_164' title='bbox 152 2996 389 3076; x_wconf 84' lang='lat' dir='ltr'><strong>Demosthenis</strong></span> <span class='ocrx_word' id='word_1_165' title='bbox 413 3008 473 3076; x_wconf 91' lang='lat' dir='ltr'><strong>de</strong></span> <span class='ocrx_word' id='word_1_166' title='bbox 478 3031 611 3090; x_wconf 91' lang='lat' dir='ltr'><strong>corona,</strong></span> <span class='ocrx_word' id='word_1_167' title='bbox 634 3031 721 3100; x_wconf 85' lang='lat' dir='ltr'><strong>quae</strong></span> <span class='ocrx_word' id='word_1_168' title='bbox 749 2979 855 3100; x_wconf 82' lang='lat' dir='ltr'><strong>quhm</strong></span> <span class='ocrx_word' id='word_1_169' title='bbox 876 3024 979 3074; x_wconf 86' lang='lat' dir='ltr'><strong>rotam</strong></span> <span class='ocrx_word' id='word_1_170' title='bbox 1003 3006 1201 3073; x_wconf 90' lang='lat' dir='ltr'><strong>Demosthe·</strong></span> 
     </span>
     <span class='ocr_line' id='line_1_26' title="bbox 150 3110 1204 3232; baseline 0 -55"><span class='ocrx_word' id='word_1_171' title='bbox 150 3114 209 3177; x_wconf 82' lang='lat' dir='ltr'><strong>nis</strong></span> <span class='ocrx_word' id='word_1_172' title='bbox 235 3114 337 3180; x_wconf 85' lang='lat' dir='ltr'><strong>vitam</strong></span> <span class='ocrx_word' id='word_1_173' title='bbox 367 3115 406 3180; x_wconf 91' lang='lat' dir='ltr'><strong>in</strong></span> <span class='ocrx_word' id='word_1_174' title='bbox 434 3112 683 3206; x_wconf 78' lang='lat' dir='ltr'><strong>gubernaculis</strong></span> <span class='ocrx_word' id='word_1_175' title='bbox 704 3110 910 3232; x_wconf 82' lang='lat' dir='ltr'><strong>reipublicae</strong></span> <span class='ocrx_word' id='word_1_176' title='bbox 943 3111 1120 3178; x_wconf 89' lang='lat' dir='ltr'><strong>contritam</strong></span> <span class='ocrx_word' id='word_1_177' title='bbox 1148 3134 1204 3177; x_wconf 87' lang='lat' dir='ltr'><strong>re-</strong></span> 
     </span>
     <span class='ocr_line' id='line_1_27' title="bbox 155 3212 1201 3312; baseline 0.003 -33"><span class='ocrx_word' id='word_1_178' title='bbox 155 3235 366 3308; x_wconf 86' lang='lat' dir='ltr'><strong>praesentet,</strong></span> <span class='ocrx_word' id='word_1_179' title='bbox 388 3219 462 3309; x_wconf 87' lang='lat' dir='ltr'><strong>i&#39;psa</strong></span> <span class='ocrx_word' id='word_1_180' title='bbox 480 3216 729 3312; x_wconf 88' lang='lat' dir='ltr'><strong>quodammodo</strong></span> <span class='ocrx_word' id='word_1_181' title='bbox 760 3217 934 3283; x_wconf 88' lang='lat' dir='ltr'><strong>universae</strong></span> <span class='ocrx_word' id='word_1_182' title='bbox 965 3212 1056 3281; x_wconf 89' lang='lat' dir='ltr'><strong>illius</strong></span> <span class='ocrx_word' id='word_1_183' title='bbox 1086 3217 1201 3283; x_wconf 89' lang='lat' dir='ltr'><strong>aetatis</strong></span> 
     </span>
     <span class='ocr_line' id='line_1_28' title="bbox 153 3308 1204 3416; baseline 0.002 -31.008"><span class='ocrx_word' id='word_1_184' title='bbox 153 3319 366 3390; x_wconf 84' lang='lat' dir='ltr'><strong>adumbratio</strong></span> <span class='ocrx_word' id='word_1_185' title='bbox 388 3340 448 3404; x_wconf 83' lang='lat' dir='ltr'><strong>est,</strong></span> <span class='ocrx_word' id='word_1_186' title='bbox 472 3347 538 3416; x_wconf 90' lang='lat' dir='ltr'><strong>qua</strong></span> <span class='ocrx_word' id='word_1_187' title='bbox 555 3322 791 3389; x_wconf 87' lang='lat' dir='ltr'><strong>Demosthenis</strong></span> <span class='ocrx_word' id='word_1_188' title='bbox 805 3319 976 3412; x_wconf 87' lang='lat' dir='ltr'><strong>publicam</strong></span> <span class='ocrx_word' id='word_1_189' title='bbox 991 3308 1204 3387; x_wconf 83' lang='lat' dir='ltr'><strong>administra-</strong></span> 
     </span>
     <span class='ocr_line' id='line_1_29' title="bbox 154 3423 1204 3519; baseline 0 -27"><span class='ocrx_word' id='word_1_190' title='bbox 154 3426 285 3519; x_wconf 85' lang='lat' dir='ltr'><strong>tionem</strong></span> <span class='ocrx_word' id='word_1_191' title='bbox 307 3427 594 3519; x_wconf 72' lang='lat' dir='ltr'><strong>eheumscriptam</strong></span> <span class='ocrx_word' id='word_1_192' title='bbox 615 3432 690 3493; x_wconf 88' lang='lat' dir='ltr'><strong>&#39;esse</strong></span> <span class='ocrx_word' id='word_1_193' title='bbox 709 3440 846 3493; x_wconf 86' lang='lat' dir='ltr'><strong>constat</strong></span> <span class='ocrx_word' id='word_1_194' title='bbox 889 3423 947 3490; x_wconf 84' lang='lat' dir='ltr'><strong>Ad</strong></span> <span class='ocrx_word' id='word_1_195' title='bbox 971 3447 1078 3489; x_wconf 88' lang='lat' dir='ltr'><strong>unum</strong></span> <span class='ocrx_word' id='word_1_196' title='bbox 1099 3425 1204 3518; x_wconf 85' lang='lat' dir='ltr'><strong>igitur</strong></span> 
     </span>
     <span class='ocr_line' id='line_1_30' title="bbox 157 3519 1204 3624; baseline -0.001 -28"><span class='ocrx_word' id='word_1_197' title='bbox 157 3546 288 3624; x_wconf 89' lang='lat' dir='ltr'><strong>tempus</strong></span> <span class='ocrx_word' id='word_1_198' title='bbox 301 3532 506 3622; x_wconf 89' lang='lat' dir='ltr'><strong>pertinentia</strong></span> <span class='ocrx_word' id='word_1_199' title='bbox 520 3519 687 3598; x_wconf 85' lang='lat' dir='ltr'><strong>noluimus</strong></span> <span class='ocrx_word' id='word_1_200' title='bbox 710 3529 875 3610; x_wconf 89' lang='lat' dir='ltr'><strong>disiicere,</strong></span> <span class='ocrx_word' id='word_1_201' title='bbox 898 3525 1024 3596; x_wconf 81' lang='lat' dir='ltr'><strong>sedvel</strong></span> <span class='ocrx_word' id='word_1_202' title='bbox 1043 3551 1091 3610; x_wconf 89' lang='lat' dir='ltr'><strong>ea,</strong></span> <span class='ocrx_word' id='word_1_203' title='bbox 1116 3552 1204 3620; x_wconf 90' lang='lat' dir='ltr'><strong>quae</strong></span> 
     </span>
     <span class='ocr_line' id='line_1_31' title="bbox 150 3630 1205 3727; baseline -0.003 -25.977"><span class='ocrx_word' id='word_1_204' title='bbox 150 3650 199 3701; x_wconf 87' lang='lat' dir='ltr'><strong>ex</strong></span> <span class='ocrx_word' id='word_1_205' title='bbox 208 3635 398 3715; x_wconf 85' lang='lat' dir='ltr'><strong>artificiosa</strong></span> <span class='ocrx_word' id='word_1_206' title='bbox 415 3636 573 3704; x_wconf 88' lang='lat' dir='ltr'><strong>orationis</strong></span> <span class='ocrx_word' id='word_1_207' title='bbox 595 3634 834 3727; x_wconf 83' lang='lat' dir='ltr'><strong>compositione</strong></span> <span class='ocrx_word' id='word_1_208' title='bbox 851 3630 989 3699; x_wconf 86' lang='lat' dir='ltr'><strong>disiecta</strong></span> <span class='ocrx_word' id='word_1_209' title='bbox 1008 3649 1113 3715; x_wconf 88' lang='lat' dir='ltr'><strong>erant,</strong></span> <span class='ocrx_word' id='word_1_210' title='bbox 1136 3632 1205 3701; x_wconf 88' lang='lat' dir='ltr'><strong>col-</strong></span> 
     </span>
     <span class='ocr_line' id='line_1_32' title="bbox 157 3728 1204 3832; baseline -0.007 -25"><span class='ocrx_word' id='word_1_211' title='bbox 157 3728 264 3828; x_wconf 80' lang='lat' dir='ltr'><strong>ligere</strong></span> <span class='ocrx_word' id='word_1_212' title='bbox 285 3741 400 3832; x_wconf 92' lang='lat' dir='ltr'><strong>potius</strong></span> <span class='ocrx_word' id='word_1_213' title='bbox 422 3741 516 3808; x_wconf 89' lang='lat' dir='ltr'><strong>etin</strong></span> <span class='ocrx_word' id='word_1_214' title='bbox 539 3763 644 3807; x_wconf 89' lang='lat' dir='ltr'><strong>unum</strong></span> <span class='ocrx_word' id='word_1_215' title='bbox 665 3737 834 3818; x_wconf 85' lang='lat' dir='ltr'><strong>conferre,</strong></span> <span class='ocrx_word' id='word_1_216' title='bbox 862 3754 901 3806; x_wconf 90' lang='lat' dir='ltr'><strong>ut</strong></span> <span class='ocrx_word' id='word_1_217' title='bbox 921 3755 1085 3830; x_wconf 88' lang='lat' dir='ltr'><strong>perpetua</strong></span> <span class='ocrx_word' id='word_1_218' title='bbox 1108 3746 1204 3803; x_wconf 84' lang='lat' dir='ltr'><strong>enar-</strong></span> 
     </span>
     <span class='ocr_line' id='line_1_33' title="bbox 157 3840 1205 3937; baseline -0.003 -26"><span class='ocrx_word' id='word_1_219' title='bbox 157 3845 287 3911; x_wconf 87' lang='lat' dir='ltr'><strong>ratione</strong></span> <span class='ocrx_word' id='word_1_220' title='bbox 316 3854 389 3912; x_wconf 86' lang='lat' dir='ltr'><strong>·una</strong></span> <span class='ocrx_word' id='word_1_221' title='bbox 426 3845 540 3911; x_wconf 85' lang='lat' dir='ltr'><strong>aetatis</strong></span> <span class='ocrx_word' id='word_1_222' title='bbox 574 3844 683 3936; x_wconf 87' lang='lat' dir='ltr'><strong>imago</strong></span> <span class='ocrx_word' id='word_1_223' title='bbox 712 3840 830 3910; x_wconf 85' lang='lat' dir='ltr'><strong>lectori</strong></span> <span class='ocrx_word' id='word_1_224' title='bbox 866 3841 1048 3937; x_wconf 84' lang='lat' dir='ltr'><strong>spectanda</strong></span> <span class='ocrx_word' id='word_1_225' title='bbox 1079 3862 1205 3933; x_wconf 87' lang='lat' dir='ltr'><strong>propo-</strong></span> 
     </span>
     <span class='ocr_line' id='line_1_34' title="bbox 150 3938 1204 4042; baseline -0.003 -26"><span class='ocrx_word' id='word_1_226' title='bbox 150 3964 321 4018; x_wconf 54' lang='lat' dir='ltr'><strong>neretur,</strong></span> <span class='ocrx_word' id='word_1_227' title='bbox 347 3938 359 4026; x_wconf 38' lang='lat'><strong>⁵,</strong></span> <span class='ocrx_word' id='word_1_228' title='bbox 373 3947 443 4018; x_wconf 86' lang='lat' dir='ltr'><strong>Sed</strong></span> <span class='ocrx_word' id='word_1_229' title='bbox 485 3950 571 4020; x_wconf 90' lang='lat' dir='ltr'><strong>ratio</strong></span> <span class='ocrx_word' id='word_1_230' title='bbox 615 3949 718 4016; x_wconf 73' lang='lat' dir='ltr'><strong>haec:</strong></span> <span class='ocrx_word' id='word_1_231' title='bbox 741 3947 894 4017; x_wconf 81' lang='lat' dir='ltr'><strong>universe</strong></span> <span class='ocrx_word' id='word_1_232' title='bbox 933 3946 1119 4042; x_wconf 80' lang='lat' dir='ltr'><strong>significata</strong></span> <span class='ocrx_word' id='word_1_233' title='bbox 1160 3968 1204 4013; x_wconf 86' lang='lat' dir='ltr'><strong>ex</strong></span> 
     </span>
    </p>
   </div>
   <div class='ocr_carea' id='block_1_8' title="bbox 0 0 1308 4672">
    <p class='ocr_par' dir='ltr' id='par_1_8' title="bbox 0 0 1308 4672">
     <span class='ocr_line' id='line_1_35' title="bbox 0 0 1308 4672; baseline 0 0"><span class='ocrx_word' id='word_1_234' title='bbox 0 0 1308 4672; x_wconf 95' lang='lat' dir='ltr'><strong> </strong></span> 
     </span>
    </p>
   </div>
  </div>
 </body>
</html>
