2594 4672
500 289 656 398 Q
765 277 767 281 ,

64 465 66 471 '
105 461 161 530 Ol.
187 464 282 542 clx.
299 459 330 547 4,
355 481 453 553 quern
476 461 550 528 fasti
573 462 736 541 exhibent,
761 454 1046 539 Nicomachus3

355 564 596 633 Boedromione
619 552 795 632 Neocles
818 572 862 655 (p.
887 561 950 650 249
973 578 1006 626 et
1021 561 1095 641 250)

355 661 551 735 Gamelione
575 667 845 734 Chaerondas
867 666 915 756 (p.
941 666 1025 747 253).

63 789 65 795 ’
105 772 159 841 01.
191 774 270 857 CX,
307 798 316 837 r
356 775 514 841 festorum
536 769 865 863 Theophrastus3

242 929 244 933 ,
351 875 597 968 Boedromione
620 873 810 965 Polycles
832 873 880 962 (p.
904 872 989 954 261).

355 980 608 1046 Anthesterione
632 973 912 1043 Mnesithides
936 976 984 1067 (p.
1006 975 1095 1065 ²79)⁴
1179 1045 1181 1047 .

355 1083 496 1164 Quartus
517 1074 626 1147 afferri
639 1083 756 1171 'potest
777 1079 915 1145 Nicias
942 1087 987 1170 (p.
1010 1080 1096 1168 273),

398 1168 476 1234 licet
503 1169 613 1232 minus
636 1165 778 1255 certe*],
804 1167 899 1257 isque
921 1165 1097 1232 Hecatom·

396 1272 523 1355 bacone
546 1273 613 1336 iam
635 1270 743 1338 tertio.

107 1376 162 1451 01,
188 1375 266 1454 CX,
300 1399 319 1440 2
353 1399 389 1441 ex
410 1375 500 1440 fastis
530 1372 855 1465 Lysimachides3
886 1395 926 1436 ex
954 1369 1097 1438 decretis

354 1476 636 1569 Mnesiphilus
664 1483 710 1567 (p.
734 1477 828 1563 235),
860 1478 954 1566 isque
983 1497 1097 1540 rursus

397 1583 534 1646 ineunte
557 1604 663 1662 anno,
694 1581 822 1671 quippe
850 1578 973 1646 ultimo
992 1578 1102 1644 Heca·

397 1687 652 1768 tombaeonest).

352 1788 622 1882 Elaphebolione
652 1807 685 1856 et
709 1787 937 1878 Munychione
967 1792 1098 1853 Hero·

397 1893 558 1984 pythns
581 1899 626 1984 (p.
650 1894 738 1982 282).

354 1995 614 2088 Scirophorione
637 1994 858 2062 Nausicles
880 2003 925 2088 (p.
949 1996 1038 2086 289).

61 2100 175 2167 Toties
190 2099 306 2189 ‘igitur'
321 2101 349 2164 si
369 2125 431 2191 per
462 2125 587 2166 annum
609 2117 1017 2192 mutaretureponymus,
1045 2100 1099 2166 virt

61 2203 281 2270 Athenienses
319 2200 440 2268 dixeris
478 2204 652 2293 percipere
689 2221 819 2292 tempus
855 2220 1005 2270 accurate
1038 2226 1100 2293 po·

63 2308 182 2387 tuisse,
213 2305 405 2373 archontem
435 2308 592 2399 temporis
625 2304 824 2395 designandi
854 2330 948 2370 causa
976 2329 1013 2370 ex
1040 2305 1100 2370 de·

44 2411 161 2477 ¹cretis
198 2411 372 2475 recitatum
406 2407 585 2476 audientes.
643 2409 694 2472 Ex
732 2409 853 2474 nostris
889 2424 999 2473 autem
1033 2406 1100 2473 illis

63 2512 283 2580 Mnesithides
306 2531 393 2578 certe
416 2513 463 2579 ihi
486 2513 633 2607 affertur,
662 2512 721 2577 ubi
741 2513 882 2578 recitare
904 2510 1102 2579 Demosthe*

25 2623 29 2629 ’
63 2641 122 2683 nes
145 2618 288 2682 scribam
309 2617 411 2697 iubet,
434 2615 566 2707 qnando
588 2617 770 2683 Aeschines
807 2633 934 2682 creatus
962 2615 1101 2707 pyhago-

63 2746 118 2787 ras
148 2722 206 2801 sit,
236 2720 272 2785 id
295 2719 386 2811 quod
419 2721 577 2788 archonte
605 2720 835 2812 Theophrasto
865 2720 989 2786 fectum
1020 2708 1100 2800 esse,

65 2827 138 2920 ipse
161 2842 297 2891 testatur
323 2826 504 2891 Aeschines
533 2827 569 2890 in
594 2824 679 2890 Ctes.
706 2848 741 2916 p.
764 2824 808 2913 69
831 2842 919 2918 &extu
969 2825 1101 2889 Praete-

63 2954 122 2996 rea
144 2928 405 2994 Demostheneae
441 2929 554 2995 aetatis
584 2929 757 2996 archontes
787 2929 945 3018 eponymi
974 2929 1100 3017 optime

34 3032 228 3124 sexplorati
251 3049 357 3122 sunt.
409 3031 571 3098 'Afferunt
607 3055 661 3098 eos
707 3055 743 3095 ex
781 3054 944 3097 annorum
982 3027 1113 3095 ordine

64 3138 255 3227 scriptores,
277 3135 444 3205 Diodorus
469 3137 627 3211 maxime,
656 3123 889 3214 Philochorus,
918 3133 1101 3224 Dionysius

63 3238 139 3306 Hal.
168 3242 219 3325 (in
250 3241 344 3332 epist.
376 3239 418 3307 ad
439 3241 550 3307 Amm.
580 3255 613 3305 et
640 3238 677 3303 in
699 3229 800 3305 indic.
825 3236 866 3303 de
888 3239 999 3325 Diu),
1023 3261 1102 3306 con·
1164 3261 1165 3266 ¹

111 3539 134 3616 *)
156 3541 242 3600 Hunc
263 3542 340 3600 euim
361 3542 444 3600 ctiam
466 3538 502 3616 ad
524 3540 744 3622 praecedentem
759 3560 863 3601 anitum
883 3536 985 3602 referri
1006 3558 1101 3623 posse,

154 3629 184 3686 in
206 3626 395 3709 sequentihus
417 3629 575 3686 accuratius
598 3629 817 3710 explorabimus.
1114 3635 1115 3639 ’

112 3746 147 3824 ”)
177 3748 290 3808 Poteris
318 3749 393 3807 huuc
424 3747 542 3830 quidem
569 3771 604 3808 ex
632 3751 688 3809 hoe
715 3749 1019 3832 pseudeponpmorum
1047 3769 1104 3820 nu·

156 3856 235 3894 mero
258 3836 372 3894 omuino
395 3836 519 3894 eximere
542 3851 570 3895 et
592 3851 639 3895 aut
661 3836 697 3895 ad
721 3837 768 3896 01.
787 3836 854 3913 CX,
877 3832 1126 3909 3refe‘rendum,'

157 3936 205 3980 aut
227 3922 341 3981 omnino
364 3919 464 3980 salsum
490 3921 616 3981 iudicare
648 3923 743 4004 (quod
764 3923 836 3982 infra
859 3921 1103 3996 examinabimus);

86 4052 89 4061 .
156 4028 253 4088 neque
282 4021 374 4065 tamen
405 4027 442 4065 eo
477 4011 681 4090 argumentatio
712 4025 807 4069 nostra
838 4008 998 4092 quidquam
1025 4006 1105 4066 infir·

156 4094 289 4155 mahitur.

57 4182 69 4211 h

674 4198 677 4205 “
720 4189 777 4273 ‘22
