2594 4672
82 410 225 505 Olyntb.
250 411 275 492 l,
298 435 331 504 p.
359 432 408 481 ιι.
453 409 544 477 Inter
566 410 673 502 ipsam
695 410 787 477 enim
808 404 1128 480 urbisobsidionent

80 517 261 608 Philippus
284 512 459 606 epistolam
480 511 618 590 blandis
630 513 771 585 ¹vocibus
791 511 927 604 plenam
937 512 1124 580 Athenien·
1206 560 1212 568 .

80 621 174 688 sibus
197 620 348 712 scripsit,
371 619 485 712 eisque
506 616 730 710 Amphipolin
761 641 866 708 quum
890 619 1041 709 primum
1067 640 1132 687 ex«

79 715 271 818 pugnasset,
293 721 502 790 redditurum
524 745 559 788 se
581 745 650 788 esse
671 723 844 816 promisit,
872 722 1000 814 quippe
1022 745 1128 814 ιῙιιιιιι

80 830 209 920 optimo
232 829 305 893 iure
326 827 392 892 sibi
413 825 583 895 vindicare
605 843 813 894 conarentur.
859 825 920 892 Or.
944 825 986 892 de
1002 823 1126 894 Halon.

78 933 199 1026 12:83.
245 932 342 996 Dem.
372 931 410 996 in
440 930 599 1000 Aristoor.
629 955 665 1022 Ρ.
691 929 767 1020 659
813 929 991 997 Enimvero
1021 929 1128 996 Athe-

82 1037 217 1117 nienses
247 1032 370 1125 legatos
398 1032 442 1102 ad
468 1059 544 1101 eum
578 1052 675 1103 antea
704 1034 880 1114 miserant,
914 1050 1045 1101 acturos
1084 1031 1128 1101 de
1215 1029 1223 1044 ’

83 1140 262 1220 amicitia,
281 1138 342 1228 qui
374 1138 440 1232 ipsi
467 1139 654 1207 incitabant
680 1137 897 1230 Philippum,
930 1154 969 1205 ut
997 1137 1129 1206 occulte
1170 1134 1190 1206 J

83 1244 279 1312 adiumento
307 1257 392 1307 esset
422 1241 681 1310 Atheniensibus
712 1240 757 1310 ad
788 1239 1018 1334 occupandam
1045 1242 1133 1310 Am-

82 1344 254 1442 phipolin,
272 1341 468 1436 pollicentes
484 1348 632 1413 vicissim
644 1343 845 1437 Pydnam*),
867 1364 1001 1414 auctore
1016 1346 1132 1413 Theo·
1272 1403 1277 1416 .

81 1472 212 1544 pompo
242 1473 295 1541 ap.
326 1445 420 1516 Suid.
447 1471 478 1514 v.
506 1450 540 1514 vt
565 1449 633 1515 ἔστι
659 1447 696 1516 τι
723 1449 829 1515 ivr
781 1460 857 1525 τοῖ,ς
907 1450 1023 1540 Legati
1051 1471 1159 1525 vcro,
1247 1453 1253 1464 “

82 1549 215 1654 populo
238 1552 296 1642 qui
324 1573 377 1617 em
400 1573 438 1616 ea
461 1549 561 1616 de1e
583 1548 674 1617 nihil
694 1552 945 1634 renunciarunt,
966 1551 1132 1628 sedulam

35 1685 45 1704 .
85 1655 157 1725 solo
181 1679 257 1721 cum
281 1653 405 1721 Senatu
435 1670 590 1748 egerunt,
623 1675 691 1747 quo
717 1670 883 1721 secretum
910 1653 1001 1723 istud
1022 1657 1132 1724 consi-

85 1761 174 1829 lium
196 1757 369 1852 Pyduaeos
390 1755 517 1838 lateret,
542 1781 625 1850 quos
647 1757 814 1826 deserturi
828 1757 1134 1826 essentAthenien

86 1889 149 1934 ses.
195 1864 244 1931 lta
274 1860 453 1930 suidas
420 1888 457 1930 το
482 1859 697 1950 θρυλούμενόν
721 1887 798 1930 ποτε
819 1860 881 1930 tut
883 1862 998 1951 ρρητον
1027 1861 1134 1957 expli·

87 1987 153 2050 cat,
176 1970 270 2035 cuius
292 1966 448 2033 meminit
459 1964 701 2032 Demosthenes
716 1964 858 2059 Olynth.
881 1967 925 2047 Il,
946 1993 982 2060 p.
1008 1989 1048 2058 19
1069 1993 1133 2061 sq,
1185 2038 1193 2044 ,

47 2127 52 2136 .
87 2072 133 2140 ad
155 2096 188 2162 q.
209 2071 234 2136 l.
257 2070 297 2137 cf.
320 2071 458 2163 Ulpian.
503 2070 553 2136 Ita
580 2093 658 2143 vero
685 2069 834 2162 deceptis
861 2071 1134 2153 Atheniensibus,
1240 2117 1242 2120 -
1278 2139 1288 2150 ,

87 2193 231 2264 utraque
253 2174 418 2266 urbs'per
437 2172 629 2266 proditores
650 2197 728 2242 mox
748 2176 786 2240 in
799 2175 951 2269 Philippi
969 2174 1134 2246 unionem

91 2278 199 2344 cessit.
243 2278 339 2343 Dem.
371 2276 513 2366 Olynth.
544 2277 579 2357 Ι,
606 2302 640 2369 Ρ.
667 2293 716 2345 ιο.
767 2277 819 2344 Cf.
845 2277 947 2347 Diod
972 2281 1070 2362 XVI,
1100 2284 1133 2364 8,

92 2378 177 2448 ibid.
200 2378 340 2448 Wessel.
384 2385 459 2462 Quo
480 2377 567 2447 facto
590 2404 696 2470 quum
717 2382 888 2472 promissis
909 2400 994 2449 stare
994 2383 1135 2486 Philip-

89 2509 155 2604 pus
178 2472 387 2564 detrectaret,
409 2506 542 2577 gravem
562 2481 820 2550 Atheniensium
848 2487 953 2553 movit
979 2479 1136 2580 indigna

89 2590 235 2668 tionem,
268 2610 308 2653 ex
337 2601 402 2679 qua
436 2587 478 2653 ab
511 2572 632 2655 eodem
651 2586 741 2655 inde
772 2604 921 2681 tempore
954 2612 1060 2684 usque
1093 2590 1137 2663 ad

92 2690 446 2789 olymp.cv111,2
478 2692 650 2766 remissius
685 2691 841 2792 quidem,
877 2717 995 2779 verum
1021 2712 1137 2774 tamen

92 2799 292 2867 continuum
312 2792 441 2869 bellum
462 2795 630 2892 gerebant.
1121 2859 1123 2863 ,

93 3029 125 3074 2.
147 3007 339 3078 Ποτίδαιαν,
360 3074 365 3082 ,
406 3045 416 3052 -
531 2962 540 3016 l

524 3094 607 3158 Olymp.
619 3094 674 3144 cvl,
688 3107 707 3146 t

180 3179 278 3252 Brevi
300 3196 378 3278 post
397 3176 575 3272 Philippus
598 3197 632 3254 et
651 3178 844 3250 Potidaeam
875 3182 1140 3263 Atheniensibus

93 3282 130 3350 vi
151 3284 327 3378 surripuit,
355 3300 396 3357 ιιι
424 3306 462 3352 ea
497 3282 739 3376 Olynthiorum
774 3287 838 3354 sibi
870 3287 973 3358 fidem
1002 3294 1140 3362 societa-

96 3405 234 3480 temque
254 3385 457 3499 conciliaret
503 3387 690 3481 Olynthus,
712 3391 824 3462 urbs
814 3417 853 3467 ιιι
875 3371 1121 3472 Chalcidice
1091 3423 1142 3469 or

140 3704 168 3789 *)
190 3705 293 3788 Pydna
315 3720 447 3790 tempore
467 3705 538 3767 belli
559 3705 753 3792 Peloponnes.
770 3711 962 3777 Macedonum
984 3715 1055 3779 urbs
1076 3715 1141 3780 luit.
1177 3733 1180 3742 “

185 3794 280 3852 Thuc.
302 3793 398 3870 1,·,6ι
424 3797 493 3874 137.
537 3796 676 3857 Eiusdem
701 3796 817 3860 bellia.
843 3823 898 3878 22,
927 3801 975 3861 Ol.
992 3802 1087 3879 XCII,
1111 3807 1142 3880 3,

186 3837 360 3955 Archelais,
389 3838 533 3949 blaoedon
515 3905 582 3942 num
602 3904 668 3959 reu,
695 3883 878 3965 Pydnaeos
869 3887 1022 3968 imperium
1043 3887 1143 3949 detre«
1264 3877 1265 3881 Ἰ

187 3981 250 4031 etan
233 3983 297 4031 ntes
309 3924 395 4035 beilo
416 3989 567 4051 aggressus
588 3971 616 4028 in
639 3984 808 4051 potestatem
832 3972 934 4054 redegi
935 3989 955 4032 t.
998 3973 1089 4036 Diod.
1111 3975 1142 4037 S.

188 4038 269 4131 ulit,
291 4049 362 4147 49.
387 4053 551 4150 secundun
568 4054 683 4141 ulpian.
695 4054 741 4132 ιιι
747 4060 832 4128 Dour.
848 4057 886 4121 ot
887 4058 1020 4148 puthll,
1041 4083 1073 4155 Ρ.
1094 4082 1150 4173 ap,
