2594 4672
677 264 741 336 25ss

632 358 787 373 ῌ

194 459 305 509 cretum
324 445 353 503 in
367 442 476 504 theatro
498 455 665 505 coronatum
683 443 841 505 'contendit
885 444 970 522 Quae
992 465 1083 527 quum
1102 442 1144 506 ita
1167 448 1236 525 sint,

192 550 223 607 in
245 549 391 628 Dionysiis
413 548 527 607 omniuo
556 549 766 609 Demosthenes
793 563 945 611 coronatus
966 548 1097 609 videatur
1119 572 1156 609 ex
1179 551 1236 610 de-

193 653 279 711 cretis
299 653 355 710 itlis
376 651 552 712 Demomelis
579 667 608 712 et
629 652 806 734 Hyperidis,
835 674 933 712 mense
953 653 1041 743 ig'it'nr
1062 654 1237 735 Elaphebo-

192 755 284 833 lione,
311 770 355 831 et,
383 755 466 837 quod
486 762 551 814 ante
581 754 691 816 cladem
723 757 970 832 Chaeronensem,
1000 755 1237 837 Elaphebolione

193 859 311 942 Olymp.
334 859 407 935 CX,
439 881 467 918 2.
511 857 614 919 Unde
629 882 756 942 pugnam
779 852 954 940 χειμερινήν
982 859 1079 919 videas
1108 865 1238 927 revera

138 956 141 963 ’
192 964 284 1023 hieme
315 965 489 1023 commissam
518 985 579 1023 esse
615 964 732 1046 Olymp.
767 963 840 1047 CX,
878 985 908 1025 a.
959 963 1000 1040 Ita
1034 966 1119 1023 ctiam
1157 966 1238 1027 inter
1275 958 1278 962 ¹

191 1068 350 1149 ingressum
387 1068 417 1125 in
450 1067 599 1127 Graeciam
626 1068 794 1150 Philippum
815 1082 843 1126 et
865 1065 975 1127 cladem
998 1066 1237 1129 Chaeronensem

193 1194 317 1230 annuum
339 1171 400 1230 fere
422 1172 546 1252 spatium
578 1172 783 1247 intercesserit,
807 1185 835 1230 et
856 1170 966 1231 bellum
986 1193 1041 1253 per
1063 1187 1130 1231 octo
1155 1189 1237 1234 certe

194 1297 307 1336 menses
339 1286 463 1357 gestum
482 1275 531 1350 sit,
560 1267 645 1357 qnod
674 1297 709 1334 ex
730 1276 823 1356 priori
854 1297 952 1334 rerum
980 1274 1082 1334 ordine
1115 1279 1238 1338 nonnisi

192 1381 396 1462 sesquimestre
419 1379 485 1456 suit,
507 1376 633 1455 brevius,
656 1401 742 1460 quam
764 1393 796 1437 ut
818 1397 853 1438 eo
876 1394 934 1438 tres
955 1400 1071 1460 pugnae
1093 1383 1239 1441 committi

191 1485 347 1565 potuerint.
392 1484 491 1565 Atque
514 1482 621 1541 diutius
643 1505 710 1542 sane
739 1481 847 1560 bellum
874 1483 1000 1545 indicare
1026 1484 1238 1546 Demosthenis

190 1586 279 1647 verba
307 1588 441 1646 videntur
469 1588 556 1646 haec:
593 1576 613 1664 ἢ
644 1581 704 1666 γὰρ
735 1581 787 1664 ἐρ’
748 1609 792 1666 μη
827 1583 966 1647 πολιτεία
997 1621 1037 1632 -
1065 1581 1136 1646 ἀντὶ
1174 1586 1237 1667 μὲν

190 1711 265 1762 τους
296 1687 457 1771 Θηβαίους
483 1684 563 1768 μετὰ
595 1687 752 1749 Φιλίππου
779 1690 980 1768 συνεμβαλεῖν
1014 1687 1056 1760 εἰς
1085 1685 1145 1769 τὴν
1163 1687 1237 1770 χῶ-

192 1816 279 1878 ραν,
299 1790 316 1856 ὃ
343 1815 456 1865 παντες
485 1789 582 1854 ὤοντο
613 1788 750 1868 ἔσεσθαι,
774 1785 886 1872 paed'‘
868 1794 957 1872 ημῶν
980 1814 1017 1854 συ
1017 1796 1233 1875 μπαραταξα

189 1896 301 1978 μένους
322 1897 436 1960 ἐκεῖνον
456 1856 582 1958 andhaitan
603 1894 737 1976 ἐποίησε,
764 1891 832 1957 ἀντὶ
860 1893 895 1957 δὲ
916 1918 974 1959 του
996 1896 1028 1957 ἐν
1049 1919 1089 1980 τη
1073 1893 1235 1984 Ἀττικῇ

189 1997 326 2082 πόλεμονΙ
346 1995 432 2077 εἶναι,
457 1994 624 2062 ἑπτακόσια
646 1995 757 2062 στάδια
784 1994 846 2061 ἀπὸ
860 2013 862 2017 ‘
877 2001 934 2081 τῆς
954 1993 1073 2073 πόλεως
1093 1999 1140 2062 ἐπὶ
1161 2010 1233 2076 τοῖς

189 2106 339 2167 Βοιωτῶν
367 2097 465 2186 ὁρίοις
486 2099 644 2183 γενέσθαι·
675 2100 744 2164 ἀντὶ
774 2102 808 2166 δὲ
835 2107 892 2166 τοῦ
914 2098 988 2176 τοὺς
1008 2101 1123 2188 λῃστὰς
1142 2097 1229 2186 ἡμᾶς
1278 2119 1281 2123 ’

189 2193 302 2293 φέρειν’
315 2207 365 2271 καὶ
387 2204 471 2289 ἄγειν
501 2206 533 2270 ἔκ
562 2210 619 2289 τῆς
639 2204 794 2286 Εὖβοίας,
830 2209 863 2270 ἓν
883 2203 989 2293 εἰρήνη
1010 2203 1069 2288 τὴν
1086 2204 1230 2292 Ἀττικὴν

190 2312 222 2376 ἐκ
243 2309 406 2395 θαλάττης
427 2306 503 2375 εἶναι
525 2308 629 2374 πάντα
660 2308 716 2374 τὸν
748 2309 883 2392 πόλεμον
912 2309 957 2397 (p
981 2311 1070 2392 304),
1096 2318 1233 2399 *quamvis

189 2421 217 2479 in
240 2422 284 2480 his
305 2436 483 2503 postremum
504 2420 567 2490 πᾶς
588 2411 724 2498 πόλεμος
752 2418 789 2478 ad
810 2420 973 2478 uuiversum
995 2416 1123 2496 bellum,
1147 2420 1234 2502 quod

189 2524 263 2583 inter
286 2523 471 2583 obsidionem
493 2525 621 2604 Byzantii
644 2539 739 2583 ortum
762 2538 819 2598 est,
841 2523 983 2602 respiciat.
1007 2553 1051 2566 -—
1074 2522 1234 2586 Praeterea

188 2627 396 2686 Demosthenes
422 2628 516 2686 socios
545 2649 576 2687 se
610 2628 774 2687 conciliasse
805 2625 1026 2687 Atheniensibus
1049 2625 1134 2686 dicit:
1167 2631 1233 2688 Eu-

188 2728 340 2804 boeenses,
362 2731 501 2806 Achaeos,
524 2730 698 2806 Corinthios,
720 2730 886 2801 Thebanos,
908 2731 1108 2810 Megarenses,
1131 2729 1233 2790 Leu-

189 2832 335 2910 cadios,
369 2833 625 2914 Corcyraeos,
662 2827 718 2916 ep’
751 2819 794 2893 ὧν
819 2828 924 2915 μύριαι
950 2828 1007 2909 μὲν
1036 2830 1088 2891 καὶ
1115 2855 1234 2894 πεντα-

188 2933 325 3014 κιςχίλιοι
354 2933 451 3012 ξένοι,
481 2934 619 3015 ᾶιςχίλιαι
642 2935 668 2998 d’
691 2933 787 3016 ἱππῆς
808 2931 881 2996 ἄνευ
902 2937 965 2996 τῶν
986 2937 1152 2997 πολιτικῶν
1175 2936 1233 2999 dv-

188 3035 310 3118 νάμεων
333 3035 545 3122 συνήχθησαν.
576 3021 708 3119 Quibus
731 3042 862 3104 omnibns
892 3040 929 3099 ad
951 3062 1076 3122 pugnam
1099 3042 1235 3102 Chaero-
1285 3047 1289 3053 '

188 3166 304 3205 nensem
327 3147 532 3229 congregandis
555 3146 663 3208 diutius
683 3168 750 3206 sane
772 3146 894 3227 spatium
916 3166 1002 3226 quam
1024 3146 1232 3225 sesquimestre

160 3239 163 3243 ’
188 3248 374 3309 tribuendum
397 3273 457 3310 esse
481 3248 643 3328 videatur*).
687 3250 790 3332 Itaque
821 3270 856 3308 ex
878 3250 922 3319 his
944 3234 1128 3330 argumentis,
1151 3250 1175 3307 si
1199 3271 1233 3308 ea

159 3375 163 3379 ·
189 3352 249 3411 sola
271 3356 468 3434 superessent,
503 3354 633 3414 diversus
662 3376 729 3415 sane
758 3352 795 3413 ab
818 3375 863 3429 eo,
886 3374 974 3436 quem
996 3353 1025 3410 in
1047 3351 1233 3433 praeceden-

187 3527 496 3541 ——m

234 3644 260 3727 *)
283 3648 394 3729 Nempe
418 3650 441 3707 si
463 3670 561 3710 omnes
582 3651 613 3708 hi
633 3671 733 3709 revera
755 3650 920 3732 congregati
936 3647 973 3707 ad
987 3669 1114 3731 pugnam
1138 3664 1229 3708 erant.

275 3736 349 3794 Nam
369 3737 578 3797 Demosthenes
608 3738 662 3796 bon
695 3737 761 3796 loco
790 3738 817 3794 in
849 3741 1012 3795 uuiversum
1034 3757 1111 3813 eam,
1142 3757 1231 3817 quam

276 3820 515 3882 administratione
549 3845 599 3882 sua
626 3823 848 3889 Atheniensibus
870 3823 1048 3903 compararit,
1069 3818 1247 3903 potentiam

276 3909 422 3969 describit.
474 3913 513 3969 At
552 3911 660 3968 etiamsi
694 3932 791 3969 omnes
824 3911 853 3968 bi
884 3931 998 3992 pugnae
1032 3908 1230 3968 Chaeronensi

276 3997 449 4072 interfuere,
478 3998 587 4057 minus
584 3998 653 4055 hoc
683 3997 881 4078 superioribus
903 3997 1010 4055 nostris
1033 3995 1150 4054 calculis
1174 3996 1230 4055 ob·

274 4098 337 4143 stat.
380 4085 452 4144 Nam
475 4084 651 4167 congregari
666 4093 833 4164 potuerunt,
854 4105 913 4142 non
934 4097 1002 4164 post
1022 4081 1153 4142 Elateam
1176 4082 1252 4166 des
