2594 4672
580 210 735 363 gau.

80 436 107 467 '·
139 422 343 514 phcholione
362 447 477 493 mense
498 425 787 519 Amphictyonum
819 425 1183 516 hahetur'concilium,

139 528 178 592 ia
207 552 275 621 quo
308 528 438 596 bellum
472 528 625 596 adversus
664 531 917 622 Amphissenses
950 553 1183 603 commoretur

137 631 305 700 Aeschine
327 651 478 714 auctore,
509 651 543 700 et
570 632 664 700 haud
691 634 792 727 longe
818 653 896 726 post
916 636 1181 708 extraordinario

137 755 304 804 conventu
324 737 610 830 Amphictyonum
630 737 716 805 facto
739 738 934 805 decernitur
966 742 1179 836 geriturque,

136 836 308 930 Philippo,
330 858 368 907 ut
389 841 569 907 Aeschines
591 842 650 922 ait,
680 828 717 907 in
739 841 875 934 Scythia
902 861 1072 936 occupato.
1120 848 1182 914 In·

136 941 234 1006 terim
265 943 486 1010 Athenienses
515 943 640 1011 bellum
667 946 704 1011 in
726 946 871 1013 Thracia
893 971 971 1014 cum
997 947 1128 1017 relictis
1146 977 1181 1018 a

135 1043 294 1137 Philippo
309 1059 312 1063 ’
327 1050 583 1141 imperatoribus
602 1051 816 1118 continuant.
847 1096 851 1102 -
868 1050 931 1117 Ille
959 1074 1057 1133 vero,
1089 1076 1180 1121 non-

85 1241 88 1245 *
136 1147 218 1214 dum
239 1148 330 1217 haud
341 1149 441 1220 dubie
463 1153 611 1222 confecta
627 1153 835 1245 expeditione
847 1152 1012 1246 Scythica,
1036 1173 1180 1226 exeunte

135 1254 225 1322 anno
249 1254 386 1349 Olymp.
403 1257 466 1323 CX
486 1259 596 1350 primo
614 1256 737 1349 legatos
748 1258 895 1324 Athenas
911 1259 1012 1325 mittit
1032 1259 1074 1324 de
1090 1285 1180 1352 pace

135 1375 276 1441 acturos,
310 1362 458 1427 animum
485 1360 528 1428 ad
548 1385 667 1454 pacem
689 1379 723 1428 et
743 1363 924 1429 amicitiam
946 1365 1179 1453 compositum

133 1463 301 1545 simulans,
323 1465 382 1532 sed
405 1465 533 1533 diversa
556 1468 634 1532 iam‘
652 1484 723 1533 tum
750 1467 912 1532 nimirum
938 1468 1179 1550 animouvolu-

133 1585 216 1634 tans.
238 1592 242 1599 ’
261 1569 339 1636 Mox
361 1571 453 1636 enim
473 1569 515 1634 ad
536 1570 667 1636 bellum
687 1594 828 1652 sacrum,
851 1571 944 1662 quod
957 1569 1057 1638 modo
1075 1596 1179 1640 exor-

132 1688 205 1738 tum
228 1691 306 1756 erat,
329 1675 470 1741 accitum
492 1699 526 1741 se
549 1674 589 1739 ab
612 1674 916 1767 Amphictyonibus
938 1675 976 1740 in
992 1675 1178 1745 Graeciam

94 1853 96 1856 v
131 1772 177 1844 iri
198 1796 255 1844 aut
271 1781 533 1870 praesentiebat,
564 1796 621 1845 aut
647 1778 684 1844 id
710 1796 749 1845 ut
775 1779 887 1860 fieret,
914 1781 987 1870 ipse
1015 1781 1174 1871 agitabat,

132 1884 260 1974 quippe
284 1881 392 1974 quod,
415 1885 443 1948 si
464 1884 629 1972 ingressus
659 1884 697 1980 in
728 1882 900 1948 Graeciam
929 1900 1031 1963 esset,
1064 1885 1175 1950 Athe-

130 1986 264 2052 nienses
293 1988 404 2052 statim
432 1986 498 2052 sibi
528 1984 754 2053 adversaturos
784 2009 870 2066 esse,
904 2009 939 2052 se
970 2008 1050 2053 vero
1072 1990 1172 2056 iustis

35 2072 61 2144 '‚
131 2092 200 2156 iam
222 2088 264 2154 de
286 2091 392 2157 causis
415 2107 447 2157 et
469 2091 540 2156 sine
570 2088 639 2156 ullo
668 2089 909 2183 impedimento
939 2091 978 2155 in
1006 2091 1077 2183 ipsa
1103 2092 1168 2157 Aa·

68 2226 70 2233 ¹
130 2195 196 2261 tica
228 2217 285 2260 eos
320 2195 541 2261 coerciturum
580 2218 649 2261 esse
685 2211 843 2286 speraret.
899 2193 1032 2285 Itaque,
1069 2195 1168 2262 sicuti

132 2298 270 2391 Olymp.
294 2298 421 2380 CVIII,
445 2323 464 2365 a
486 2323 604 2390 pacem
626 2323 702 2365 cum
722 2297 984 2365 Atheniensibus
1008 2297 1172 2368 concilia-

129 2421 228 2486 verat,
250 2421 288 2470 ut
307 2400 435 2470 bellum
457 2403 627 2470 Phocense
654 2421 765 2497 posset
794 2401 844 2468 nil
871 2401 1051 2494 impeditus
1075 2426 1172 2470 com-

129 2530 266 2599 ponere,
289 2510 336 2574 ita
358 2526 438 2574 tunc
461 2507 559 2602 etiam
582 2510 618 2573 in
645 2506 809 2599 persimili
836 2507 1085 2599 opportunitate
1108 2533 1173 2599 pa-

129 2634 204 2678 cem
224 2614 410 2704 proposuit,
432 2636 476 2677 ne
497 2614 526 2676 si
548 2611 676 2706 bellum
695 2609 961 2678 continuandum
982 2609 1047 2676 sibi
1071 2631 1170 2709 esset,

128 2714 298 2781 difficilior
318 2715 382 2780 sibi
404 2716 558 2780 transitus
587 2712 624 2780 iu
646 2714 822 2783 Graeciam
834 2714 939 2796 fieret,
961 2737 1043 2780 uere
1060 2714 1171 2782 Athe-

24 2908 26 2914 Ι
86 2845 87 2850 ’
126 2820 296 2885 niensium
317 2819 354 2883 in
377 2817 612 2886 Macedoniam
632 2819 905 2912 impressionibus
926 2843 946 2883 a
971 2835 1063 2910 tergo
1086 2844 1169 2912 pre-

126 2941 291 3004 meretur,
320 2923 348 2988 si
373 2919 613 3015 Thermopylas
642 2924 836 3006 traiecisset,
865 2921 924 2988 sed
950 2940 1037 2990 totus
1060 2922 1168 2994 solam

126 3030 164 3095 in
186 3029 331 3095 Atticam
352 3025 481 3094 bellum
502 3045 613 3121 posset
634 3027 817 3094 transferre.
860 3027 979 3119 Neque
993 3051 1067 3119 spes
1080 3027 1168 3097 haec

124 3131 242 3199 fefellit
283 3157 370 3227 eum.
430 3124 564 3211 Etenim
602 3133 821 3199 Athenienses
861 3155 981 3223 pacem
1021 3131 1164 3227 Olymp.

127 3235 210 3318 CX,
238 3262 247 3302 t
277 3255 415 3304 exeunte
446 3263 464 3305 a
495 3235 652 3330 Philippo
674 3237 880 3330 propositam
902 3235 1166 3306 Hecatombaeo-

124 3341 178 3407 tris
202 3341 251 3429 XI
280 3341 417 3434 Olymp.
447 3341 525 3422 CX,
547 3365 566 3406 a
589 3343 777 3434 accipiunt,
800 3338 1015 3432 eiusdemque
1035 3344 1164 3430 mensis

124 3445 227 3511 XXX
251 3443 374 3538 legatos
403 3447 539 3511 mittunt
564 3447 620 3512 vius
646 3444 827 3512 iurandum
866 3442 998 3512 daturos
1026 3461 1060 3510 et
1088 3468 1164 3513 exa·

125 3567 245 3618 cturos.
300 3548 475 3642 Philippus
517 3551 706 3639 insequenti
751 3571 866 3616 mense
914 3548 1163 3640 Metagitnione

88 3695 90 3700 .
122 3677 241 3746 pacem
270 3655 345 3718 iure
374 3652 513 3722 iurando
545 3653 736 3734 confirmat,
769 3650 887 3720 eodem
917 3654 984 3718 iam
1014 3652 1056 3717 ab
1078 3655 1164 3721 Am-

106 3758 360 3851 ,phictyonihus
382 3759 420 3824 in
443 3752 623 3825 Graeciam
646 3755 689 3824 ad
718 3754 919 3824 coercendos
940 3755 1163 3848 Amphissen-

122 3885 173 3939 ses
194 3864 362 3941 invitatur,
386 3885 424 3928 ex
436 3862 573 3957 Scythia
594 3863 672 3945 iam,
694 3861 861 3928 Aeschine
883 3877 974 3940 teste,
996 3883 1160 3930 reversus.

124 3967 198 4055 Quo
220 3965 305 4034 Iacto
328 3966 517 4059 insequenti
538 3969 649 4035 statim
669 3990 782 4037 mense
809 3966 847 4031 in
864 3964 1045 4031 Graeciam
1069 3966 1162 4030 traii-

124 4091 199 4139 cere
220 4087 324 4162 parat,
339 4064 406 4139 xsed
428 4071 534 4138 causis
555 4094 633 4139 mox
662 4072 845 4137 accuratius
868 4067 1080 4160 explorandis
1103 4091 1162 4136 co-
