2580 4680
631 39 645 76 ι
731 84 736 98 ι

575 285 731 392 „go-5-

133 459 193 548 εῆν
213 455 320 545 μάχην
341 453 459 534 ecidit
479 453 497 522 ά
520 459 619 542 δῆμος
641 457 730 534 είδάς
750 457 800 522 καί
822 455 965 544 ἕωρακδς
991 455 1093 524 πάντα
1114 458 1175 525 dra

103 592 108 605 ·
135 564 290 648 ἶκρσττοκ
309 557 378 646 lyd,
403 561 443 628 iv
464 560 599 638 αὐτοῖς
620 571 706 638 τοῖς
728 563 880 638 δεινοῖς
900 563 962 626 καί
985 567 1175 648 φοβεροῖς

117 662 365 753 ’ἐμβεβηκὼς
390 702 435 716 -
465 672 590 753 πρῶτον
622 665 679 748 μίν
706 667 774 751 περὶ
801 665 956 751 σωτηρίας
981 671 1037 750 τῆς
1057 664 1176 742 πόλεως

134 767 359 855 βουλευόμενος
387 767 445 845 τδις
476 768 553 852 ἐμάς
573 767 697 853 γνώμας
718 769 906 854 ἐχειροτόνει,
930 770 979 833 καί
1001 768 1096 835 πάνθ’
1114 768 1176 836 ὅσα

134 882 192 960 τῆς
220 877 363 962 φυλακῆς
391 871 462 938 ἕνεκ’
495 870 661 959 ἐπράττετο
668 923 678 952 ,
710 868 730 956 ἦ
759 872 896 950 διάταξις
928 877 992 938 τῶν
1019 872 1175 960 φυλάκων,

136 977 176 1046 οἱ
202 975 374 1064 τάφροι,
411 974 457 1041 τά
485 979 540 1052 είς
572 975 617 1041 τά
653 977 762 1059 τείχη
795 975 979 1063 χρήματα
1021 976 1073 1042 διδι
1113 983 1177 1044 τῶν

135 1084 221 1168 ίμῶν
249 1077 464 1166 ψηφισμάτων
490 1081 636 1164 ἐγίγνετο·
667 1078 763 1145 ἔπειθ’
789 1078 971 1166 αἱρούμενος
991 1080 1124 1167 σιτώνην
1145 1084 1178 1148 ἐκ

136 1182 265 1253 πάντων
293 1183 347 1266 ἐμὲ
368 1181 597 1268 ἐχειροτόνησεν
625 1180 642 1249 ὅ
671 1186 787 1266 δῆμοςε
820 1205 868 1248 or.
891 1183 934 1248 de
956 1206 1024 1253 cor.
1045 1210 1080 1277 p.
1104 1188 1178 1274 309.

136 1287 243 1355 Inhis
255 1280 507 1365 animadvertas,
530 1285 789 1352 Demosthenem
804 1285 931 1352 dicere:
961 1290 993 1353 ἐκ
1013 1295 1077 1353 τῶν
1097 1291 1180 1373 ἐμῶν

135 1388 354 1482 ψηφισμάτων
380 1426 424 1440 -
467 1388 500 1454 αἱ
528 1386 643 1476 τάφροι
678 1390 850 1475 ἐγίγνοντο,
885 1390 926 1456 τά
954 1393 997 1468 εἰς
1025 1391 1066 1457 τά
1093 1394 1178 1477 τείχη
1284 1470 1287 1481 ι

135 1493 330 1580 χρήματα.
375 1488 445 1555 Cur
465 1513 554 1557 non:
584 1490 625 1556 τά
647 1517 680 1558 τε
702 1494 745 1569 είς
765 1492 823 1570 τάς
843 1492 983 1580 τάφρους
1002 1496 1053 1558 καί
1075 1496 1118 1571 είς
1138 1494 1179 1560 τδι

139 1598 225 1682 τείχη
243 1593 419 1681 χρῆματαῒ
441 1587 746 1686 ὃοίδὶυεῑφτορτίἰο
759 1594 998 1662 Demosthenes
1020 1597 1179 1688 impensis

142 1697 241 1766 fossos
264 1694 432 1764 ducendas
455 1699 597 1779 curavit,
619 1697 755 1791 publica
775 1700 919 1790 pecunia
941 1701 978 1765 in
999 1716 1112 1767 muros
1125 1725 1181 1765 re-

143 1800 302 1871 ficiendos
320 1818 515 1894 consumpta
537 1818 595 1868 est
641 1802 821 1870 Decretum
844 1821 892 1868 est
905 1821 1036 1870 auctore
1054 1803 1180 1871 Demo-

142 1905 273 1986 sthene,
304 1922 343 1972 ut
363 1907 452 1971 muri
473 1906 712 1987 reficerentur,
746 1907 838 1999 iique
865 1905 959 1973 fossis
988 1907 1086 1973 etium
1116 1910 1182 1973 cir-

142 2008 389 2079 cumdarentur.
434 2010 692 2078 Destinatavero
711 2013 806 2103 operi
828 2035 868 2077 ex
891 2012 1015 2078 aerario
1037 2013 1182 2104 pecunia

140 2114 277 2182 nonnisi
299 2111 342 2179 ad
362 2114 698 2181 muros-reficiendos
718 2115 919 2194 sufficiehat,
942 2115 1036 2182 fossis
1057 2113 1182 2181 ducen-

144 2217 197 2284 dis
219 2216 459 2284 Demosthenes
481 2218 543 2282 tria
566 2216 686 2284 talenta
708 2215 843 2308 largitus
874 2236 931 2284 est.
976 2219 1048 2286 Hoc
1071 2219 1182 2286 dicere

144 2319 273 2389 volebat
286 2320 537 2400 Demosthenes,
559 2320 616 2386 sed
634 2323 732 2386 tacite
755 2323 924 2412 expressit,
948 2321 1039 2412 quod
1060 2323 1182 2389 clarius

144 2423 256 2491 dicere
268 2426 396 2491 vetabat
409 2423 585 2490 modestia:
602 2448 655 2489 me
669 2441 802 2490 auctore
813 2424 963 2492 decretae
977 2442 1054 2490 sunt
1065 2425 1180 2505 fossae,
1247 2493 1251 2500 ,
1274 2480 1277 2484 .

141 2515 306 2595 destinata
335 2529 433 2594 etiam
461 2530 566 2593 muris
592 2527 785 2594 reficiendis
817 2530 969 2621 pecunia.
1015 2526 1114 2610 Quod
1136 2532 1182 2596 ita

142 2632 263 2713 fnisse,
287 2651 320 2699 et
341 2631 601 2698 Demosthenem
623 2633 769 2724 propriis
792 2634 951 2724 impensis
972 2631 1065 2698 fossis
1091 2648 1184 2700 mo'e-

143 2738 201 2804 nia
224 2734 460 2802 circumdanda
482 2761 625 2817 curasse,
648 2734 751 2829 idque
773 2737 809 2802 in
833 2736 1004 2827 desperata
1019 2753 1094 2828 post
1116 2737 1183 2804 cin-

145 2840 224 2908 dem
253 2840 522 2908 Chaeronensem
550 2842 690 2908 civitatis
721 2838 930 2921 conditione,
964 2839 1055 2906 unde
1078 2841 1184 2908 Ctesi-

144 2944 266 3039 phonti
294 2968 436 3011 coronae
464 2946 499 3010 in
524 2970 600 3012 eum
622 2943 841 3013 conserendae
863 2969 939 3010 ansa
958 2944 1108 3034 praebita
1130 2947 1182 3026 sit,
1217 2990 1223 3000 -

144 3049 322 3116 Aeschinis
344 3049 445 3115 verba
467 3068 580 3142 operte
602 3049 829 3146 dpcenthaec,
852 3047 971 3138 quihus
985 3046 1184 3137 Ctesiphon-

147 3171 216 3221 tem
240 3150 441 3245 alloquiturt
485 3157 512 3222 εί
538 3156 596 3238 μίν
623 3154 682 3241 γάρ
709 3155 803 3238 λέγεις
833 3146 909 3217 άθεν
929 3150 986 3236 τὴν
1007 3151 1108 3238 ἀρχὴν
1128 3160 1184 3220 τοῦ

147 3261 355 3346 ψηφίσματος
376 3259 523 3341 ἐποιήσω,
554 3257 602 3323 ὅτι
625 3257 695 3333 τὰς
715 3256 889 3344 τάφρους
926 3255 994 3332 τάς
1025 3259 1116 3344 περί
1138 3257 1183 3323 τά

146 3363 260 3446 τείχη
289 3368 391 3438 καλῶς
418 3363 600 3450 ἐτάφρευσε,
630 3360 784 3444 θαυμάζω
814 3367 888 3427 σοῦ.
927 3366 982 3426 τοῦ
1010 3360 1070 3448 γάρ
1097 3360 1183 3426 ταῦτ’

148 3467 373 3550 δξερνασθῇναι
411 3473 512 3543 καλῶς
552 3465 592 3531 τδ
627 3471 841 3552 γενενῆθαι
878 3464 1022 3532 τοάτου
1062 3464 1189 3530 αἴτιον

146 3570 243 3652 μείζω
265 3571 450 3653 κατηγορίαν
471 3570 590 3654 ίχει·οιί
612 3570 671 3657 γάρ
699 3568 1086 3658 περιχαρακώσαντα
1112 3563 1189 3650 χρὴ

148 3671 196 3738 τά
225 3674 334 3758 τείχη
363 3673 435 3739 οὐδὲ
461 3675 529 3752 τάς
567 3675 767 3760 δημοσίας
795 3673 926 3764 ταφὰς
958 3669 1191 3757 ceredum)

193 4002 219 4082 ‘)
242 4005 413 4066 Reseranda
434 4009 480 4066 hic
501 4010 529 4068 in
552 4011 714 4069 memoriam
736 4024 801 4069 sunt
823 4010 951 4092 Lycurgi
974 4007 1082 4077 verbe,
1109 4022 1199 4084 supra

240 4093 333 4154 allata:
363 4086 430 4154 κατ’
455 4091 586 4171 ίιιείνους
623 4091 696 4168 τοὺς
723 4089 859 4177 χρόνους
887 4090 917 4156 οἱ
948 4083 1201 4175 τετελευτηκότες
