2594 4672
603 263 658 313 xiv

12 502 14 506 Α
110 420 276 493 statuerit
310 415 431 490 adhuc
464 415 695 515 perpendere
739 441 890 516 possem
934 433 970 489 et
1003 423 1147 495 exami-

78 528 209 640 nare.
279 541 391 612 Erant
433 551 574 627 autem,
624 536 672 610 ad
722 563 817 641 quae
861 540 1011 611 omuino
1037 538 1145 621 mihi

50 710 52 714 -
110 656 267 735 maxime
307 653 613 758 respondendum¹
651 659 781 751 fuerit,
823 687 939 759 quum
974 663 1146 759 Spenge-

109 783 179 856 lius
217 795 344 854 eontra
378 781 475 850 Tuas
516 780 677 851 rationes
717 795 955 854 monumenta
996 767 1148 878 publica*

110 903 158 974 ab
185 905 269 1002 ipso
296 897 550 972 Demosthene
575 884 745 997 profecta
770 915 917 992 statuat,
944 902 1015 974 nisi
1041 900 1146 1002 quod

110 1027 162 1097 eis
189 1023 413 1121 praescripta
434 1021 618 1093 recentius
635 1019 759 1094 addita
774 1024 855 1111 sint,
881 1023 920 1092 in
947 1024 1039 1120 ipsis
1054 1048 1144 1096 vero
1189 1083 1192 1089 .

108 1143 350 1245 praescriptis
382 1165 459 1212 non
476 1135 695 1215 <archontes
729 1140 839 1237 solos
874 1168 1003 1243 verum
1036 1147 1146 1218 etiam

19 1313 21 1317 .
109 1288 256 1338 menses
292 1262 447 1362 diesque
476 1286 593 1334 -mero
637 1261 917 1361 interpolatoris
951 1260 1146 1348 cuiusdam

39 1378 41 1382 ’
91 1388 257 1485 ingenio
297 1382 428 1456 deberi
448 1368 449 1373 ¹
470 1381 678 1456 contendat.
748 1383 892 1476 Quibus
934 1410 982 1457 ne
1023 1402 1147 1467 nostra

67 1507 69 1510 ⁴
109 1507 258 1579 concuti
296 1505 460 1605 possint,
501 1527 577 1575 non
616 1502 769 1603 ‘quidem
810 1503 983 1592 verebar,
1019 1505 1144 1604 neque

108 1633 166 1701 Tu
193 1627 410 1700 sententiam
436 1615 553 1698 Tu'am
580 1623 802 1723 aliquantum
827 1628 994 1713 mutasti,
1015 1637 1143 1725 'quum

108 1773 205 1849 quae
240 1761 504 1845 responsurum
537 1767 597 1814 me
632 1741 680 1824 ad
712 1743 897 1842 Spengelii
929 1764 1144 1844 argumenta

108 1895 193 1943 esse·
216 1867 430 1972 nuperrime
458 1860 547 1935 Tibi·
578 1861 745 1935 breviter
778 1862 991 1964 significavi,
1019 1885 1062 1940 ea
1088 1873 1142 1942 Te

108 1991 259 2064 omuino
294 1982 470 2085 probare.
493 1982 711 2082 profitearis.
762 1987 815 2056 lta
848 1999 970 2060 tamen
999 2004 1034 2061 et
1061 2014 1142 2063 mea

108 2128 145 2184 et
161 2114 241 2183 Tua
269 2130 381 2179 eausa
407 2107 573 2178 omnium
600 2120 923 2179 monumentorum
949 2109 1142 2184 conditio-

56 2238 63 2252 “
105 2257 193 2304 nem
227 2220 435 2303 accuratius
464 2224 729 2324 explorandam
760 2224 935 2308 iudicavi.
985 2233 1027 2313 Iu
1062 2259 1139 2332 quo

107 2353 234 2428 evitari
266 2356 343 2423 non
378 2351 528 2422 omniuo
562 2362 710 2446 poterat
736 2345 843 2422 locus
867 2347 920 2423 -de
947 2351 1142 2426 archonti-

28 2511 29 2514 *
106 2475 178 2548 bus
204 2471 531 2573 pseudeponymis,
554 2468 606 2548 de
634 2469 771 2570 quibus
786 2473 904 2544 Tuam
925 2475 1142 2575 opinionem

104 2598 265 2670 breviter
291 2618 336 2665 eo
364 2594 481 2691 magis
509 2588 766 2689 exponendam
790 2596 921 2665 censui
950 2593 1141 2671 illustran-

107 2718 285 2816 damque,
321 2711 425 2812 quod
452 2714 805 2786 Commentationem
832 2716 951 2787 Tuam
976 2740 1052 2789 nou
1077 2717 1140 2791 fa-

109 2838 179 2912 cile
206 2837 245 2908 in
271 2835 434 2907 cuiusvis
467 2857 598 2911 manus
631 2836 750 2905 statim
784 2837 1020 2935 migraturam
1056 2863 1138 2916 esse
1206 2843 1207 2846 ’

105 2959 240 3059 putavi.
307 2957 376 3029 Hic
418 2970 539 3026 autem
566 2950 691 3026 'locus
727 2953 879 3027 detulit*
902 2949 962 3029 me
1011 2983 1139 3035 rursus

106 3078 154 3153 ad
180 3077 396 3153 archontem
422 3079 572 3167 Niciam,
600 3075 648 3149 de
675 3101 751 3175 quo
780 3102 896 3174 quum
922 3103 944 3153 a
966 3083 1019 3152 Te
1044 3081 1139 3157 bre-

105 3187 186 3300 vius
221 3215 343 3274 actum
377 3187 550 3272 viderem
574 3196 664 3271 mihi
697 3195 878 3273 dubitatio
913 3189 1057 3276 oborta
1073 3186 1139 3298 est,

105 3349 194 3396 num
221 3320 296 3393 ille
311 3319 434 3408 scriba
459 3321 580 3419 possit
605 3308 811 3394 secuudum
833 3314 1039 3421 prytauiam
1065 3323 1139 3399 ha-.

104 3443 197 3534 beri,
224 3444 367 3543 quippe
393 3421 559 3542 quinon
584 3440 623 3515 in
655 3439 805 3520 decreto
832 3459 981 3519 senatus
1006 3472 1139 3547 popu..

104 3565 195 3656 live,
228 3561 297 3637 sed
330 3565 368 3636 in
401 3563 619 3666 testimonio
641 3566 800 3662 scriptus
826 3568 883 3657 sit,
909 3566 1011 3666 quod
1036 3593 1139 3644 non·-
1201 3614 1203 3618 ·

105 3688 177 3759 nisi
194 3687 342 3759 exactis
360 3682 598 3760 iudicialibus
611 3687 767 3782 petitum
787 3684 964 3762 videatur.
1018 3693 1138 3784 Quam

106 3810 358 3907 quaestionem
383 3829 496 3907 qnam
511 3807 784 3880 accuratissime
807 3813 913 3909 potui
936 3810 1139 3913 exploravi,

29 3952 33 3959 ·
105 3929 213 4002 simul
238 3927 278 4002 id
303 3951 426 4028 agens,
452 3943 494 4001 ut
518 3929 574 4020 iis,
601 3953 697 4028 quae
721 3954 765 4003 ea
784 3927 833 4004 de
856 3956 899 4007 re
924 3934 1138 4033 nuperrime

104 4048 196 4133 mihi
228 4048 430 4142 mandasti,
462 4073 506 4124 ex
538 4053 623 4127 Tua.
657 4053 838 4127 sententia
865 4054 1145 4130 -satisfaeerem
