2594 4672
563 210 578 291 ἶ
653 232 717 315 ρον

164 399 397 482 τυραννοῦνται.
421 394 505 463 Phil.
530 397 593 478 Ill,
622 422 658 490 p.
686 422 756 489 117,
797 399 852 490 Ι[ἓν
872 399 1088 492 Edssor'qudo
1111 406 1203 484 κατέ·
1256 425 1260 432 ·

164 523 257 584 στησε
278 500 449 587 τυράννους
471 501 513 568 de
526 495 686 569 Cherson.
709 528 743 594 p.
765 525 819 593 99.
863 503 925 569 llis
946 505 1048 594 igitur
1069 507 1106 572 in
1129 531 1204 574 ora-

163 601 310 672 tionihus
341 598 466 691 ubique
495 600 748 676 Demosthenes¹
768 604 861 670 illam
893 626 1008 687 rernm
1036 605 1204 675 Euboica-

162 727 240 769 rum
262 705 515 770 conversionem
543 721 582 772 nt
610 729 727 772 reeens
754 705 876 772 factam
903 723 1081 788 memorat,
1114 730 1203 773 eam-

114 843 135 904 -4
163 832 228 898 que
250 807 347 873 malis
370 804 439 872 illis
460 807 554 899 pacis
567 831 661 907 'cnm
687 808 848 901 Philippo
880 810 1082 903 compositae
1103 834 1203 877 even-
1271 828 1274 831 ’

162 911 251 977 tibus
273 920 481 993 annumerat,
502 908 567 1004 per
588 938 670 1006 quos
693 911 817 980 deinde
830 911 1009 1004 Philippus
1024 915 1094 980 vim
1108 938 1202 982 suam

161 1039 198 1082 ac
228 1016 413 1107 potentiam
440 1015 700 1082 Atheniensium
728 1014 930 1084 detrimento
963 1015 1062 1084 latius
1090 1034 1202 1084 exten·

111 1130 114 1143 '
161 1118 264 1202 derit3
287 1121 344 1201 ita,
358 1115 405 1184 ¹ut
426 1115 647 1209 dubitandum
668 1121 818 1204 nonsit,
840 1136 981 1188 tentasse
1002 1120 1202 1215 Philippum

160 1246 213 1288 res
243 1223 412 1289 Euboicas
439 1219 578 1314 Olymp.
606 1222 688 1290 CIX
718 1247 806 1291 anno
834 1225 969 1291 circiter
995 1227 1125 1316 primo,
1159 1225 1200 1296 ab.

161 1348 269 1418 eoque
291 1323 422 1392 adiutos
449 1349 528 1393 mox
556 1323 766 1393 Clitarchum
792 1326 958 1407 Eretriae,
989 1325 1201 1410 Philistidem

161 1429 244 1497 Orci
266 1427 498 1497 dominatione
526 1452 595 1495 esse
612 1431 754 1521 potitos.
799 1432 843 1498 Et
869 1431 952 1499 haec
975 1429 1112 1523 quidem
1134 1430 1200 1499 due

159 1530 218 1600 illa
239 1533 391 1628 Philippi
412 1532 563 1601 facinora
582 1533 727 1615 fuerint,
750 1558 835 1626 quae
857 1559 875 1600 a
896 1534 1121 1601 Demosthene
1143 1534 1200 1624 (de

159 1661 227 1704 cor.
248 1663 283 1730 p.
307 1641 383 1722 252)
404 1636 600 1705 indicantur
620 1636 746 1703 verbis:
775 1633 852 1722 ἡνίκ’
868 1637 1010 1722 Εὖβοίας
1030 1637 1144 1724 ἥπτετο
1168 1654 1201 1722 et

157 1741 260 1828 ἐπειδὴ
283 1742 454 1831 τυράννους
475 1742 588 1830 ἐκεῖνος
609 1743 641 1809 ἐν
662 1740 791 1818 ταύταις
811 1751 881 1820 τοῖς
902 1741 1009 1809 πόλεσι
1020 1743 1198 1830 κατέστησε.

243 1847 362 1940 Itaque
401 1872 508 1941 quum
537 1842 716 1938 Philippus
753 1844 925 1913 Euboeam
960 1845 1023 1911 sibi
1048 1841 1199 1911 reddere
1284 1840 1286 1844 ⁴

156 1949 336 2018 obnoxiam
364 1969 448 2019 esset
475 1947 626 2032 molitus,
664 1949 817 2017 excitatos
846 1975 865 2015 a
892 1974 927 2016 se
957 1948 1198 2021 Demosthenes

152 2054 255 2123 refert
274 2055 497 2123 Athenienses
520 2053 564 2120 ad
585 2053 847 2148 legationemin
868 2053 1039 2121 Euboeam
1061 2044 1199 2122 mitten-

154 2158 247 2225 dam:
270 2150 337 2225 εἶτα
357 2159 416 2244 τὴν
438 2158 631 2242 εῙςΕῧβοιαν
654 2157 836 2248 [πρέσβειον
858 2157 1010 2248 Pyramo}
1033 2155 1111 2244 ἡνίκ’
1132 2158 1197 2225 Εὖ-

152 2265 246 2344 βοίας
272 2261 386 2347 ἥπτετο
418 2259 460 2327 de
483 2285 550 2329 cor.
573 2285 608 2352 p.
640 2263 714 2328 252.
744 2261 824 2327 ·Per
843 2260 933 2328 hanc
954 2258 1069 2329 foedu's
1091 2262 1197 2328 Athe-

154 2367 287 2432 nienses
320 2366 410 2438 inter
430 2382 473 2431 ¹et
502 2363 713 2431 Euboeenses
751 2364 971 2431 conciliatum
999 2382 1063 2446 est,
1099 2367 1196 2432 cuius

154 2493 240 2562 quae
261 2468 364 2534 fuerit
385 2469 490 2547 ratio,
520 2451 704 2533 Aeschines
728 2470 862 2560 copiose
887 2468 1024 2559 exponit
1045 2469 1082 2533 in
1105 2467 1194 2535 Ctes.

152 2599 187 2666 p.
210 2573 255 2642 66
276 2597 339 2665 sq„
362 2568 453 2638 unde
478 2572 612 2664 potiora
634 2595 694 2638 nos
716 2571 773 2637 hic
795 2588 833 2639 nt
853 2571 1114 2665 perscribamus,
1142 2596 1194 2639 res

149 2681 222 2770 ipsa
249 2677 404 2769 requirit.
457 2675 581 2742 Callias
620 2677 722 2766 igitur
751 2674 983 2768 Chalcidensis
1020 2692 1193 2768 tyrannus,

151 2790 265 2875 quem
292 2797 370 2872 post
407 2781 550 2847 eiectum
579 2780 727 2847 Eretria
750 2775 967 2860 Plutarchum
1008 2780 1193 2878 commodis

151 2884 306 2979 Philippi
349 2883 557 2978 aliquamdiu
601 2886 788 2952 insenuisse
827 2909 930 2976 supra
968 2886 1194 2974 cognovimus,

148 3008 327 3082 postquam
348 3012 410 3079 per
431 2990 570 3055 iniurias
591 2985 912 3081 primumPhilippi,
936 3005 1017 3069 tum,
1042 2987 1084 3055 ad
1107 2999 1191 3080 qnos

150 3093 273 3162 deinde
296 3094 481 3174 transierat,
503 3092 746 3160 Thebanorum
768 3095 868 3159 etiam
890 3092 955 3156 sibi
981 3092 1192 3169 inimicitiam

148 3188 374 3280 contraxerat,
412 3198 566 3264 minante
599 3197 641 3262 ab
672 3197 824 3287 utrisque
849 3194 1020 3288 periculo,
1059 3194 1190 3270 consilii

149 3305 248 3396 inops
269 3324 372 3366 unam
393 3323 488 3394 spem
515 3298 626 3367 salutis
656 3299 824 3390 reliquam
845 3297 946 3381 vidit,
976 3301 1005 3366 si
1026 3299 1191 3393 populum

146 3405 386 3477 Atheniensem
398 3407 470 3471 iure
483 3403 627 3472 iurando
641 3405 706 3472 sibi
718 3403 948 3498 obstringeret
993 3405 1113 3472 Missis
1126 3397 1190 3497 igi·
1223 3416 1226 3423 ’

146 3500 203 3578 tur
233 3506 348 3602 legatis
378 3508 613 3599 Demosthenis
649 3519 752 3600 opera
782 3508 987 3577 societatem*
1002 3508 1189 3582 Athenien-

146 3617 236 3683 sium
256 3614 321 3680 sibi
343 3612 533 3683 conciliavit
554 3617 592 3682 ea
611 3611 827 3693 conditione,
849 3630 888 3680 ut
909 3611 1186 3681 Chalcidensibus

122 3741 217 3809 non
244 3733 328 3785 esset
353 3717 500 3786 Athenas
523 3717 570 3785 ad
597 3715 777 3786 concilium
806 3704 1091 3800 conveniendum,
1123 3741 1186 3784 nec

145 3822 258 3891 ullum
286 3822 452 3903 tributum
476 3821 745 3916 persolvendum.
799 3822 873 3905 Qua
901 3824 1057 3890 societate
1079 3823 1188 3915 impe-

146 3925 245 4009 nata,
274 3923 366 3993 haud
388 3927 432 3994 ita
454 3925 553 4017 longe
582 3944 657 4019 post
678 3918 751 4020 ipse
775 3922 896 3993 Gallias
919 3927 1065 3993 Athenas
1089 3925 1187 3994 advez

144 4027 208 4118 nit,
227 4049 264 4102 ,et
284 4054 481 4125 progressus
510 4032 547 4104 in
571 4032 765 4103 concionem
788 4031 911 4118 aiebat:
941 4033 1056 4099 venire
1087 4030 1128 4113 se
1145 4055 1186 4099 ex
