2594 4672
616 228 679 296 vui

562 322 720 352 pum-h·-
803 332 827 346 ..

125 403 240 485 niodo
286 410 508 509 reliquarum
548 432 701 508 quoque
742 407 950 480 orationum
990 421 1158 505 tempora

125 529 416 621 explorarentur,
441 528 532 601 mihi
561 553 646 601 eum
660 529 818 600 maxime
831 509 1161 625 desideriumpe-
1236 619 1239 629 Ι

123 641 233 739 perit.
284 643 412 737 It'aque
446 645 571 738 ipsum
605 668 665 716 me
699 642 747 716 ad
772 647 979 744 periculum
1005 647 1043 716 in
1070 665 1161 714 ora-

124 761 226 861 tione
252 757 298 830 de
333 776 486 829 coronax
503 756 714 840 faciendum
749 757 955 865 excitabant
987 761 1072 835 oum
1107 783 1161 848 ea,
1210 802 1212 806 ·

125 896 223 978 quae
249 878 288 948 in
314 880 509 948 Prooemio
537 858 622 949 libri
648 875 759 948 huius
776 874 944 967 indicavi,
970 873 1162 949 tum'haud

126 1000 277 1069 minime
311 1007 549 1070 monumenta
583 978 771 1096 publica‚'
789 997 879 1069 huic
913 998 1067 1068 orationi
1100 997 1163 1067 in-

126 1116 242 1210 serta,
278 1144 323 1192 ex
357 1117 492 1217 quibus
526 1141 652 1191 rerum
692 1142 761 1218 per
800 1119 1009 1193 universam
1041 1139 1162 1221 prope

50 1287 56 1307 ἱ
126 1235 289 1339 Philippi
315 1237 653 1339 Demosthenisque
679 1254 836 1312 aetatem
858 1255 1043 1340 gestarum
1069 1238 1165 1309 iusta

129 1376 166 1433 ot
193 1355 357 1434 conditio
385 1376 421 1434 et
448 1362 562 1435 series
598 1362 738 1459 optime
771 1359 861 1434 mihi
895 1360 1068 1435 constitui
1096 1383 1165 1430 ex-

127 1479 341 1580 plorarique
374 1504 486 1579 posse
513 1465 718 1556 videbatur.
781 1485 937 1580 Captum
971 1477 1165 1552 consilium

29 1676 34 1687 ,
127 1605 208 1675 Tua
235 1602 464 1677 confirmavit
490 1600 706 1689 cohortatio.
759 1600 832 1674 Sed
857 1604 896 1673 in
929 1597 1165 1698 exsequendo

127 1724 202 1794 iam
234 1723 486 1823 gravioribus,
522 1744 631 1819 quam
657 1719 865 1832 sperabam,
897 1721 1039 1793 occurri
1066 1718 1173 1792 diffi-'
1229 1784 1233 1791 ,

124 1834 345 1938 cultatibus,
385 1854 461 1913 non
498 1838 688 1940 occultatis
704 1882 712 1900 ι
730 1838 804 1911 iltis
833 1862 866 1910 ‘a
903 1842 957 1912 Te
1002 1839 1165 1949 quidem,

130 1988 244 2064 quum
269 1987 330 2034 me
357 1961 571 2036 cohortatus
584 1984 649 2033 es.
702 1964 863 2054 Quarum
884 1958 1066 2061 cupeditis
1091 1962 1165 2039 iam

131 2083 283 2185 quidem
305 2075 408 2159 'satis
442 2075 598 2170 feliciter
624 2085 686 2175 iis,
714 2105 806 2183 quas
832 2106 955 2155 rerum
980 2097 1166 2185 gestarum

129 2192 300 2304 tempora
328 2203 548 2296 offerebant,
582 2230 656 2279 una
691 2228 750 2278 me
785 2205 940 2278 maxime
965 2202 1167 2304 torquebat

132 2349 184 2418 ee,
211 2347 308 2428 quae
334 2330 372 2400 in
398 2331 566 2428 ipsorum
592 2340 917 2403 monumentorum
934 2325 1084 2424 ancipiti
1100 2349 1167 2398 ra-

13 2442 18 2449 ’
129 2451 229 2521 tione
265 2465 301 2523 et
336 2448 595 2544 archontibus,
629 2446 975 2551 qnos'praeserunt,
1000 2444 1167 2546 pseude-

130 2572 306 2670 ponymis
346 2574 568 2670 praesertim
612 2585 787 2644 versatur.
855 2568 897 2640 In
938 2593 1011 2668 qua
1054 2591 1169 2668 quum

131 2693 255 2792 etiam,
281 2706 478 2790 postquam
504 2693 664 2790 primam
690 2693 770 2780 iam
797 2687 887 2763 libri
913 2692 988 2761 mei
1023 2691 1179 2788 partem

19 2844 24 2852 ·
132 2827 361 2910 temporum
393 2835 562 2884 meorum
611 2808 750 2897 cedens
800 2812 1008 2897 necessitati
1038 2825 1169 2909 typo-

131 2926 283 3034 graphio
325 2929 564 3024 tradideram,
606 2931 753 3032 longius
788 2927 1002 3024 detinebar,
1043 2954 1168 3032 neque

130 3068 255 3126 tamen
289 3047 427 3126 nodum
472 3078 516 3126 ex
555 3054 652 3125 votis
693 3052 841 3128 solvere
873 3068 1060 3151 poteram,
1103 3053 1168 3124 in-

132 3190 345 3274 exspectato
372 3173 463 3249 mihi
489 3172 641 3265 accidit,
676 3173 858 3267 Boeckhi,
883 3188 972 3246 uta
997 3176 1051 3245 Te
1078 3196 1169 3245 cer-

132 3419 316 3517 posuisse.
378 3417 477 3510 Quin
509 3420 566 3490 Tu
599 3418 707 3490 etiam
741 3418 864 3490 statim
896 3417 1016 3516 ipsam
1050 3418 1169 3501 Tuam

133 3537 181 3612 de
198 3535 458 3617 archontibus,
477 3537 606 3610 Atticis
630 3535 947 3637 pseudepouymis
964 3540 1169 3610 Commen-

53 3700 56 3713 ·
133 3660 329 3750 tationem,
364 3682 478 3758 quum
512 3658 674 3756 primum
715 3660 816 3758 typis
856 3660 1041 3758 exscripta
1081 3651 1169 3747 erat,

132 3776 221 3851 licet
247 3774 586 3879 noudum'publioi
610 3780 700 3852 iuris
726 3779 861 3854 factam
877 3776 1033 3855 'mecum
1060 3803 1169 3854 com·-

22 3922 27 3928 “
132 3901 334 3994 municasti,
360 3901 548 3974 recitatam
564 3896 699 3973 illama
714 3903 768 3975 Te
782 3924 813 3973 a
828 3899 865 3974 d.
885 3925 942 3990 aa.
957 3902 1038 3976 Iulii
1059 3905 1167 4000 ¹⁸²7·

132 4022 172 4109 iu
198 4020 417 4098 Academiae
446 4021 664 4098 Borussioae
697 4020 944 4100 Beroliueusis
979 4045 1168 4102 consessu.
