2594 4672
631 233 788 334 *Q—
821 270 823 275 ,

188 398 392 493 integrandis
415 401 577 466 insereret
599 421 662 489 pro
685 398 842 463 archonte
864 396 1018 470 scribom,
1052 397 1154 486 eique
1180 395 1241 462 ad·

189 506 284 572 deret
305 527 421 571 vocem
453 503 613 591 ἄρχοντος.
662 501 751 567 Haec
782 525 911 566 summa
933 518 982 566 est
1003 499 1240 570 Boeclthicuae

190 608 375 699 opinionis,
409 630 494 694 quae
526 623 563 672 ut
590 629 653 696 per
686 629 720 669 se
748 606 846 669 unice
868 601 1050 693 probabilis
1072 602 1240 686 videatur,

111 762 118 770 .
191 713 238 775 ita
260 709 353 775 omni
376 731 417 772 ex
429 725 523 797 parte
542 706 679 772 defendi
693 706 949 797 confirmarique
960 724 1078 795 potest.
1124 706 1239 788 Addo,

181 809 284 903 ,quod
305 808 495 875 Bocehhius-
516 808 557 874 de
587 807 744 874 tabularii
767 806 1017 887 schedularum,
1042 811 1164 898 quibus
1189 813 1240 877 in·

194 916 356 1005 scriptum
385 935 507 978 nomen
537 913 694 1004 eponymi
716 910 834 991 fuerit,
862 912 1005 978 coniecit
1027 912 1180 993 interitu,
1204 913 1241 979 id

183 1019 306 1109 'ipsum
329 1016 428 1082 etiam
444 1016 485 1091 iu
509 1039 546 1082 eo
569 1014 657 1081 libro
681 1012 831 1080 accidere
853 1007 1017 1106 potuisse,
1042 1016 1103 1104 qui
1128 1039 1169 1080 ex
1192 1033 1240 1081 ta-

194 1120 326 1206 bulario
349 1120 554 1185 Athenarum
579 1117 737 1187 collectus
760 1122 812 1184 sit.
857 1113 946 1184 Na'm'
972 1117 1166 1199 Craterum,
1188 1119 1241 1186 vel

152 1225 160 1234 “
197 1225 349 1317 quisquis
391 1222 474 1288 alius
521 1221 685 1289 eiusmodi
731 1221 964 1289 collectionum
1004 1220 1068 1286 suit
1112 1241 1240 1304 auctor,

198 1329 336 1393 omuino
359 1326 536 1418 probabile
556 1345 606 1395 est
638 1351 708 1392 eam
732 1331 768 1393 in
798 1324 1031 1392 concinnando
1061 1347 1164 1415 opere
1188 1352 1242 1394 ra-

198 1433 322 1500 tionem
356 1455 424 1496 esse
464 1449 628 1511 secutum,
668 1450 704 1496 ut
723 1455 826 1549 quae
868 1432 993 1521 cuique
1027 1429 1267 1498 decretorum⁴

197 1537 286 1628 parti
321 1537 511 1602 communia
543 1551 665 1614 essent,
707 1560 744 1599 ea
775 1536 811 1598 in
847 1531 986 1623 singulis
1027 1533 1242 1602 decretorum

200 1637 355 1741 exemplis
379 1642 556 1719 omitteret,
580 1656 613 1704 et
636 1637 868 1703 collectionem
898 1635 992 1702 illam
1015 1660 1075 1726 per
1098 1640 1243 1706 archon-

199 1763 270 1825 tes,
281 1741 448 1810 schedulis
472 1744 594 1825 affixos,
618 1766 702 1834 quae
725 1741 836 1807 divelli
867 1740 966 1808 facile
977 1759 1154 1832 poterant,
1178 1768 1242 1836 per

190 1836 320 1915 scribas
344 1867 376 1914 et
397 1850 565 1939 prytanias
588 1846 791 1937 disponeret.
837 1847 880 1912 Et
907 1844 999 1936 quod
1028 1848 1241 1913 coniecturae

180 1950 281 2016 ”huie
299 1974 468 2043 opponere
479 1953 595 2042 possis,
614 1950 848 2041 Heropythum
865 1951 911 2046 (p.
926 1951 1003 2037 282)
1017 1948 1072 2015 Ol.
1087 1949 1160 2032 CX,
1171 1975 1189 2016 ι
1201 1953 1239 2016 in
1285 1996 1288 2002 ·

127 2130 130 2137 .
202 2051 329 2126 duabus
354 2057 519 2120 continuis
541 2055 704 2144 prytaniis
726 2054 890 2134 inveniri,
906 2051 955 2118 'de
975 2053 1052 2132 hoc,
1077 2057 1105 2118 si
1127 2056 1235 2120 miuus
1251 2071 1257 2082 “·

202 2156 379 2227 verisimile
403 2157 562 2238 videatur,
585 2176 799 2248 prorogatum
822 2183 942 2224 munus
957 2181 1024 2222 esse
1048 2160 1084 2225 in
1098 2183 1235 2251 sequen-

203 2279 274 2338 tem,¹
292 2263 495 2352 prytaniam,
530 2261 567 2326 id
597 2280 685 2327 certe
713 2261 887 2353 probabile
916 2260 1128 2328 statuendum
1151 2261 1240 2338 videff

203 2383 274 2444 tur,
299 2364 335 2429 id
358 2356 449 2456 quod
480 2369 578 2432 etiam
611 2367 784 2492 proposuit
806 2365 989 2431 Boeekhius
1012 2365 1048 2453 (l.
1074 2392 1102 2430 c.
1126 2369 1241 2458 μδ)

196 2470 318 2534 >verber
342 2473 388 2536 inl
408 2469 638 2557 ‘Hpomiboffl
618 2495 768 2554 αρχοντος
791 2495 830 2533 ex
853 2471 955 2535 altero
979 2469 1146 2572 decreto
1136 2495 1173 2535 ιιι
1196 2470 1242 2536 ul-

205 2593 312 2651 torum
336 2598 402 2638 esse
426 2573 531 2653 illata,
562 2598 699 2679 quum
690 2572 830 2639 alte1um
853 2573 998 2644 alteri
972 2563 1044 2639 snie
1068 2573 1242 2641 intervallo

205 2677 358 2742 additum
385 2680 436 2742 sit.
490 2680 537 2743 lta
567 2680 656 2743 enim
685 2666 784 2742 etiam
819 2679 960 2744 verba
946 2687 1069 2764 ιαριιῆς
1099 2682 1243 2755 Πυλαιας

206 2806 241 2845 cr
265 2779 399 2846 decreto
423 2780 703 2871 Amphictyonico
728 2783 751 2847 l
775 2781 865 2847 illata
889 2807 1116 2873 perer··101e1u
1140 2785 1175 2848 in
1198 2781 1243 2847 al-

205 2902 312 2973 terum
343 2883 514 2949 decretum
546 2902 638 2963 sunt,
674 2884 764 2976 quod
794 2887 888 2976 prius
918 2889 1079 2952 continuo
1108 2887 1240 2978 excipit,

111 3056 114 3066 ,
203 3010 266 3087 pro
289 3003 365 3061 veru
387 2985 530 3059 lectione
558 2989 723 3084 ὀπωρινῆς,4
773 2991 815 3057 Et
838 2989 933 3062 idem
958 2993 1058 3064 etium
1081 2989 1239 3060 accidisse

204 3176 514 3205 Μαι-,οπως

289 3327 346 3406 ptis
368 3328 490 3406 reperiri
520 3328 664 3408 superiori
694 3341 759 3385 notu
782 3326 945 3401 docuimus,
968 3342 999 3385 ut
1022 3327 1177 3409 probabile
1200 3326 1246 3387 est'

288 3433 348 3470 nou
371 3414 465 3471 omnia
495 3412 531 3472 ab
560 3415 624 3495 ipso
653 3429 786 3497 rogatore
815 3435 876 3474 esse
906 3413 1029 3473 decretis
1055 3416 1241 3497 praescripta,

289 3498 328 3555 its
349 3499 378 3557 iu
401 3501 469 3558 actis
492 3514 568 3560 certe
591 3523 607 3559 a
629 3500 721 3559 scriba
748 3516 841 3560 notatu
873 3522 934 3560 esse
963 3501 1067 3582 utique
1091 3517 1241 3562 cousenta-

289 3605 376 3644 neum
399 3600 449 3645 est.
495 3589 538 3646 Ex
561 3587 615 3646 illis
638 3610 706 3646 tero
730 3591 832 3647 nostris
856 3588 977 3648 decretis
1000 3591 1113 3647 nonnni
1136 3590 1242 3649 archon

207 3696 209 3700 ·
290 3686 318 3728 et
345 3674 447 3731 mensis
476 3676 596 3755 eiusque
626 3674 686 3732 dies
710 3691 869 3733 constanter
897 3677 1091 3756 ptutscriptus
1126 3691 1182 3750 est;
1215 3680 1242 3734 in

289 3759 431 3820 nonnullis
455 3762 536 3818 etium
549 3753 702 3819 additur
685 3784 704 3838 η
728 3757 809 3862 (poli,
824 3757 1054 3842 πρυτανιύοισα
1078 3779 1108 3821 et
1131 3765 1160 3821 in
1174 3767 1243 3845 qui-

288 3844 345 3904 bus
377 3846 424 3904 illa
454 3846 535 3905 deest
556 3847 729 3948 plerumque
758 3841 916 3926 ἐκκλησίας
943 3849 1054 3926 scyri,
1028 3843 1125 3910 litor
1172 3852 1244 3910 Dies

238 3996 243 4009 ἱ
289 3947 387 3995 eontra
416 3935 562 4015 prytuuiae
595 3947 623 3992 et
656 3954 673 3991 o
707 3931 900 4015 ἐπιψηφίσας
930 3949 1091 3994 constanter
1123 3939 1246 3999 omissus

289 4033 341 4112 est,
363 4019 453 4102 quod
467 4042 525 4086 nou
540 4041 614 4089 casu
636 4016 688 4087 sed
711 4021 849 4087 consulto
864 4021 969 4104 laetum
991 4021 1095 4104 liquet.
