2594 4672
609 255 766 358 *Ii-

125 475 137 508 a
163 433 271 486 totam
293 415 524 486 defensionem
545 421 592 487 ita
613 421 834 515 persequitur,
858 436 898 487 ut
915 441 954 487 ex
974 413 1211 512 ruareipubli·

165 546 224 590 cae
258 523 496 615 procuratione
532 547 697 616 egressus,
730 548 805 593 cam
835 524 965 593 duobus
993 521 1077 590 locis
1105 521 1231 589 inter-'¹

117 649 130 717 j
165 643 303 718 ruptam
331 651 445 693 rursus
472 645 620 721 repetat,
650 645 683 696 ct
697 627 757 707 ‘ad
785 628 889 698 finem
915 650 1022 719 usque
1041 625 1210 700 orationis

164 729 336 826 perducat,
359 731 397 796 id
418 756 518 822 agens
540 732 683 824 ubique,
712 749 752 799 nt
773 730 817 799 ad
846 755 920 798 eam
941 740 1112 820 tamquam
1131 730 1212 795 uni-

167 859 242 902 cam
275 835 412 901 actionis
447 837 620 904 materiam
657 834 809 903 iudicum
845 834 974 901 animus
1004 831 1212 913 intendatur,

167 962 230 1032 per
252 961 392 1030 eamque
424 938 476 1007 vel
498 938 575 1008 odio
603 938 782 1006 adversarii
811 954 1038 1032 exasperatus,
1065 932 1120 1005 vel
1140 961 1213 1002 ma·
1261 1029 1264 1032 ἡ

168 1041 281 1110 lorum
309 1044 448 1109 civitatis
477 1042 711 1110 recordatione
738 1060 931 1138 commotus
950 1041 1119 1136 reliquam
1144 1042 1213 1106 Ae-

170 1146 297 1214 schinis
320 1144 574 1229 accusationem,
597 1147 809 1239 Ctesiphonti
830 1149 1017 1231 intentam,
1046 1143 1215 1214 oblivione

171 1251 304 1331 obruat,
334 1251 373 1318 in
400 1273 506 1343 eaque
535 1250 712 1344 paullatim
739 1251 902 1345 opinione
934 1249 1103 1333 considat,
1129 1267 1217 1316 tam-s

171 1379 273 1449 quam
299 1377 369 1434 non
399 1353 442 1420 de
460 1354 714 1449 Ctesiphonte
704 1380 793 1438 ram,
823 1355 883 1423 sed
916 1354 968 1423 de
986 1353 1215 1422 Demosthene

173 1477 298 1550 agatur,
320 1482 390 1525 non
414 1456 456 1525 de
479 1481 603 1526 corona
624 1460 701 1525 civi
710 1459 900 1550 tribuenda,
920 1459 981 1526 sed
1003 1457 1045 1525 de
1059 1474 1225 1549 compro-²

171 1562 292 1630 bandis
313 1561 591 1684 reprpbrandisre
621 1561 816 1630 consiliis''
792 1585 851 1683 us,
884 1562 1044 1654 quibus
1034 1562 1218 1628 ammineu-

173 1685 241 1735 tem
256 1667 326 1735 sibi
347 1669 587 1759 universaeque
611 1665 771 1734 Graeciae
789 1665 926 1736 ruinam
947 1683 1015 1763 tota
1032 1666 1146 1736 civitas
1168 1663 1219 1732 ef·

126 1805 127 1811 ¹
172 1771 286 1864 fugere
308 1770 480 1863 quondam
502 1789 619 1838 conata
642 1772 694 1838 sit.
768 1820 769 1823 κ

259 1980 365 2047 Nobis
398 1980 503 2072 igitur
538 1980 583 2046 ad
622 1979 716 2073 quod
748 1980 960 2074 potissimum
997 1975 1234 2061 tendendum

173 2108 258 2176 quae
281 2086 324 2151 sit
345 2086 471 2174 optima
499 2083 725 2177 dispositionis
751 2087 837 2155 ratio
863 2083 1112 2195 amplectenda,
1139 2083 1221 2151 satis
1274 2158 1278 2168 ι

173 2185 255 2254 inde
284 2206 430 2277 apparet
489 2189 637 2256 Maxima
665 2190 757 2258 enim
784 2201 865 2283 pars
892 2215 1006 2285 rerum
1040 2205 1218 2280 gestarum·-

175 2289 321 2380 quaein
344 2311 391 2354 οι.
415 2288 770 2376 deconrefcruritur,
793 2293 966 2393 adip'sam
983 2293 1220 2361 Demosthenis

174 2391 383 2512 reipublicae
415 2391 739 2489 administrationem
764 2380 927 2488 pertinet,
960 2412 999 2461 ut
1031 2420 1117 2488 quac
1147 2396 1220 2463 lere

174 2497 275 2563 unica
296 2515 345 2563 est
367 2497 526 2564 orationis
547 2499 697 2566 materia
740 2496 872 2587 Hanc
862 2499 964 2590 igitur
991 2516 1160 2592 tamquam
1181 2501 1220 2566 in

175 2601 287 2668 medio
311 2587 411 2669 totius
433 2595 565 2669 nostrae
580 2582 814 2702 disputationis
835 2603 1029 2696 ponendam
1038 2627 1120 2673 csse
1141 2613 1227 2697 pere

176 2707 333 2798 spicuum
355 2722 412 2772 est.
457 2707 542 2773 Eam
569 2708 688 2775 eodem
716 2698 838 2778 ordine
858 2732 1117 2818 persequemur,
1150 2730 1221 2800 quo

176 2807 368 2904 publicae
354 2833 431 2876 suae
448 2808 744 2881 administrationis
766 2798 1012 2882 enarrationem
1026 2813 1223 2904 oratoripse

177 2916 346 3006 transegit
389 2915 540 2984 Accessit
560 2917 803 2986 Demosthenes
824 2911 868 2986 ad
882 2916 1224 3011 reipublicaeguber-¹

102 3095 115 3116 .
177 3018 298 3086 nacula
320 3017 459 3125 Olymp.
484 3019 563 3088 CVI
596 3045 625 3087 a
648 3023 679 3090 3.
723 3022 797 3091 Hoc
819 3024 912 3090 enim
934 3044 1022 3090 anno
1035 3021 1222 3090 orationem

178 3122 221 3192 de
244 3121 441 3215 Symmoriis
473 3124 607 3208 habuit,
638 3151 741 3218 quant
762 3129 965 3198 orationum
980 3127 1060 3194 eius
1088 3125 1134 3194 ad
1153 3127 1225 3194 reia
1252 3124 1265 3206 ’Ἴ

177 3225 335 3328 publicae
361 3232 636 3320 procurationem
664 3233 888 3324 spectantium
925 3232 1072 3332 primam
1110 3230 1224 3316 fuisse,
1266 3220 1270 3231 ’

179 3349 296 3400 auctor
318 3350 367 3401 est
388 3334 571 3426 Dionysius
584 3332 658 3401 Hal.
680 3336 718 3401 in
734 3337 830 3429 epist.
843 3335 1116 3404 ›adAmmaeum
1135 3338 1166 3428 ς.
1188 3335 1222 3423 4.

178 3434 247 3503 Sed
277 3437 313 3502 in
344 3439 492 3506 oratione
527 3437 570 3505 de
604 3463 671 3506 cor.
705 3439 746 3506 ab
782 3462 870 3508 anno
907 3439 1045 3511 demum
1082 3442 1222 3536 Olympa

179 3541 310 3629 CVIII,
341 3565 360 3607 a
397 3542 580 3633 egreditur,⁵
609 3567 675 3637 quo
701 3546 813 3636 prima
844 3571 913 3640 pax
942 3557 992 3616 es't
1009 3547 1224 3641 Philippum

178 3645 270 3711 iuter
300 3663 333 3711 et
354 3646 576 3714 Athenienses
605 3651 795 3741 composita.
846 3652 901 3718 Ab
929 3653 994 3721 hoe
1027 3653 1118 3722 enim
1140 3671 1225 3719 tam-

158 3763 284 3842 quam
313 3749 424 3841 primo
453 3753 597 3818 termino
620 3754 803 3822 Aeschines
827 3762 889 3839 (or.
916 3757 954 3824 in
977 3756 1066 3824 Ctes.
1093 3782 1129 3849 p.
1156 3756 1223 3836 δι.)

178 3851 223 3920 ad
252 3853 481 3923 insectandam
502 3857 737 3926 Demosthenis
766 3859 936 3954 publicam
962 3860 1224 3938 administratio·
1274 3923 1276 3927 ,

178 3982 260 4025 nem
296 3960 445 4049 assurgit
507 3960 589 4028 Inde
631 3986 764 4032 exorsus
800 3966 1041 4043 Demosthenes
1079 3987 1169 4059 quae
1202 3984 1224 4026 a
1271 3973 1284 3991 ”

690 4136 702 4173 Ι
