2594 4672
603 240 624 320 ‚⁷

534 329 692 347 a

93 410 190 480 hae
179 435 217 478 ιιι
238 409 412 503 provincia
433 392 552 478 merita
579 397 669 492 sunt,
689 411 752 503 gui
772 411 903 504 primus
924 407 1133 482 difficultates

45 605 48 608 ἡ
94 514 171 583 istas
194 515 394 582 accuratiori
424 516 677 606 investigatione
699 513 815 609 dignas
845 515 1052 597 existimavit,
1075 513 1135 582 de-

91 641 260 693 cessorum
290 641 419 691 errores
435 618 640 712 redarguit,
670 642 783 711 neque
812 621 884 712 ipse
916 617 1134 710 indiligenter
1163 665 1170 672 -

90 720 255 791 solvendis
282 720 380 811 nodis
413 747 552 789 manum
584 724 756 815 apposuit,
791 748 995 816 quamquam
1020 722 1134 791 redar-

90 827 241 919 guendus
263 803 389 919 ipsein
410 826 581 919 plerisque
603 826 741 894 anobis
771 843 842 893 erat
863 827 906 893 ob
928 847 1143 921 praeprope,

89 955 166 996 rum
178 930 343 995 iudicium
364 945 397 995 et
411 931 541 997 critices
560 931 789 1012 temeritatem,
813 955 880 1022 qua
894 929 1025 996 in‘falsa
1036 931 1135 998 facile

26 1104 30 1115 x
91 1034 202 1126 abripi
224 1032 317 1100 solet.
362 1033 440 1100 Post
461 1034 522 1102 hos
544 1034 631 1102 viros
653 1034 691 1101 in
713 1034 950 1100 recentissimis
964 1033 1134 1102 Weislius

91 1154 151 1220 est,
173 1138 234 1227 qni
256 1133 540 1204 dissertationibus
564 1136 606 1205 de
626 1136 829 1230 hyperbole,
848 1158 1002 1206 errorum
1020 1139 1058 1205 in
1079 1138 1135 1204 hi·

90 1242 192 1313 storia
214 1238 365 1332 Philippi
387 1231 639 1309 commissorum
656 1242 831 1334 genitrice,
853 1241 959 1316 inulta
970 1241 1038 1309 hue
1056 1265 1136 1335 per-

90 1346 233 1415 tinentia
262 1343 306 1409 ad
332 1338 446 1410 veram
475 1368 590 1412 rerum
617 1362 875 1439 temporumque
904 1344 1147 1417 conditionem¹

45 1461 48 1464 ’
89 1448 313 1541 investigavit,
343 1445 505 1540 pleraque
534 1447 631 1538 docte
654 1468 893 1523 commentatus
917 1468 981 1533 est,
1011 1449 1071 1520 sed
1093 1471 1135 1519 ex
1215 1458 1218 1462 ’

26 1559 33 1573 “
88 1555 234 1624 instituti
257 1553 310 1620 sui
330 1553 460 1620 ratione
481 1576 594 1645 neque
616 1549 660 1617 ad
681 1555 803 1635 omnia,
819 1553 948 1644 ‚quibus
964 1557 1068 1624 oratio
1092 1553 1134 1623 de

10 1660 13 1666 ’
88 1681 214 1729 corona
235 1673 353 1726 onusta
375 1673 424 1723 est
444 1655 707 1749 impedimentis,
729 1654 940 1747 diligentiam
966 1659 1135 1745 suam-in·

88 1761 238 1843 tendere,
262 1781 295 1838 et
314 1759 464 1828 indicare
485 1762 590 1853 magis
606 1785 706 1854 qnam
723 1759 891 1855 explicare
905 1763 1026 1854 potuit,
1049 1786 1135 1856 quae

10 1887 15 1903 ’·
88 1892 165 1937 vera
186 1868 251 1936 sibi
273 1860 421 1961 salsaque
443 1889 513 1934 esse
534 1864 738 1934 viderentur.

88 2131 91 2144 ,
176 2075 232 2144 Ad
261 2075 442 2152 consilinm
471 2092 625 2143 nostrum
651 2072 764 2153 redeo.
807 2068 898 2142 Eo
888 2074 993 2166 igitur
1013 2066 1052 2142 id
1071 2097 1135 2166 po-

88 2180 255 2248 tissimum
286 2203 406 2271 operae
433 2181 582 2272 pretium
610 2179 884 2273 existimavimus,
923 2195 969 2247 ut
989 2177 1034 2245 ad
1060 2203 1135 2248 ora-

88 2286 217 2350 tionem
239 2280 493 2373 intelligendam
519 2266 855 2375 quantulumcunque
885 2281 1024 2351 subsidii
1053 2303 1134 2377 sup·

88 2384 269 2480 peditetur,
318 2384 412 2453 Alias
442 2386 514 2451 eins
547 2383 720 2465 utilitates,
751 2409 838 2474 qnae
865 2387 954 2452 inter
982 2384 1135 2462 laborem

89 2493 213 2584 ipsum,
244 2511 365 2579 magua
379 2512 427 2555 ex
452 2504 547 2581 parte
575 2509 765 2581 operosum,
787 2487 933 2555 multum
947 2488 1136 2563 ‚efferebant

86 2594 307 2673 incitamenti,
330 2590 579 2659 commendabit
607 2594 689 2685 ipsa.
709 2592 1039 2685 orationisgvavitas.
1084 2592 1136 2659 Ea

29 2771 30 2774 ,
83 2722 167 2767 >vero
191 2697 308 2790 quanti
329 2697 373 2762 sit
392 2697 555 2764 momenti
578 2687 634 2763 ad
642 2694 815 2763 historiam
842 2697 1026 2790 ,inprimis
1048 2714 1136 2765 aeta-

11 2882 13 2887 A
85 2804 129 2878 tis
152 2801 372 2893 Philippicae,
391 2801 490 2867 ,euius
513 2817 665 2867 accurata
687 2801 880 2893 cognitione
897 2822 1013 2879 rursus
1035 2801 1135 2870 unice

86 2908 210 2977 nititur
229 2920 398 2974 oratorum
411 2893 561 2975 eiusdem
576 2904 736 2997 temporis
759 2905 1042 2975 etDemosthenis
1064 2896 1148 2973 naa?

48 3064 51 3069 .
83 3013 175 3079 aime
202 3011 287 3077 iusta
315 3007 508 3102 explicatio,
530 3009 652 3079 multis
675 3031 844 3100 exponere
872 3032 943 3085 non
965 3033 1051 3103 opus
1074 3027 1133 3080 est.

86 3113 327 3209 Persequendo
354 3111 495 3183 consilio
517 3110 615 3205 quid
621 3111 876 3204 profecerimus,
908 3111 1002 3190 alii'
991 3137 1060 3181 rem
1080 3115 1136 3182 iu·

85 3216 211 3292 dicent
256 3216 318 3287 Sin
339 3234 449 3284 autem
472 3217 510 3285 in
531 3217 673 3308 singulis
694 3217 804 3308 operis
826 3217 978 3310 partibus
997 3215 1135 3315 lecturis
1195 3312 1196 3317 ἵ
1275 3233 1290 3281 ι’

81 3325 200 3392 minus
213 3295 416 3391 satisfecisse
436 3318 638 3402 videbor,'s1
658 3322 862 3414 praesertim
876 3321 1107 3416 quibusdam'
1096 3346 1136 3391 ιιι

81 3427 171 3496 locis
192 3411 297 3495 multa
314 3448 423 3519 opera
442 3447 567 3518 parum
589 3423 766 3507 effecerim,
789 3444 981 3499 excusatum
1000 3451 1056 3496 me
1070 3424 1136 3496 hu·

81 3531 231 3601 maniter
245 3528 337 3624 apud
354 3552 410 3600 cos
423 3552 533 3625 spero,
556 3528 617 3621 qui
632 3531 826 3622 argumenti
846 3529 1062 3605 acerbitatem
1081 3527 1135 3599 vel

51 3705 54 3708 .
86 3635 292 3728 primoribus
321 3634 425 3704 labris
451 3633 675 3755 degusterint,
710 3628 800 3703 bene
832 3637 996 3728 expertis„
1025 3637 1134 3704 inesse

80 3739 140 3811 bis
169 3737 357 3862 quaedam,
370 3763 460 3833 quae
489 3740 528 3811 iu
549 3755 668 3808 nostra
679 3736 784 3809 illius
809 3740 923 3811 ιειιιίι
949 3738 1134 3808 admodum

80 3869 208 3919 manco
229 3843 420 3937 cognitione
442 3839 596 3938 expediri
615 3867 687 3917 non
706 3841 810 3936 plane
830 3844 970 3937 possint
1014 3844 1063 3955 ba
1085 3859 1134 3910 ta·
1213 3847 1216 3851 ’

81 3971 172 4035 tuen
180 3949 285 4023 etiam
296 3967 355 4031 est,
368 3973 514 4042 ,magne
523 3948 673 4033 scientie,
689 3947 783 4043 quod
796 3947 882 4019 nihil
893 3947 1024 4077 scituro
991 3953 1032 3990 ·“
1045 3934 1134 4016 Ce-
