2594 4672
579 317 582 321 ·
644 299 801 409 ..su

83 513 85 555 :
202 485 273 540 erat
293 470 439 553 Eretria,
471 468 626 548 nondum
646 486 758 541 tamen
779 468 823 539 ad
838 469 1044 564 'obsequium
1066 475 1250 567 compositi

202 590 298 644 erant
323 575 569 642 Eretriensium
607 577 731 661 animi,
766 575 898 643 Oreum
926 574 1080 644 nondum
1106 577 1250 671 quidem

102 717 103 720 ¹
202 694 337 773 captum
358 703 378 747 a
398 678 559 773 Philippo
581 698 661 762 erat,
683 678 743 748 sed
771 681 840 749 iam
861 682 1078 766 intentatum3
1108 682 1248 777 ipsique

201 784 303 851 etiam
325 783 466 867 Calliae,
488 783 660 852 Chalcidis
681 800 841 878 tyranno,
873 781 1066 877 periculum
1088 786 1249 881 immine-

198 886 270 956 bat.
290 932 293 936 -
313 888 401 965 Com
420 889 487 958 hoe
507 890 610 984 igitur
630 887 852 958 Athenienses
879 889 1030 982 primum
1043 891 1248 960 societatem

200 994 331 1063 ineunt
377 992 654 1087 Comparatisque
681 1019 701 1062 a
729 991 837 1060 Callia
865 992 1108 1061 Eretriensium
1130 994 1247 1065 Orita-

198 1120 358 1190 rumque·
375 1099 514 1180 animis,
550 1123 618 1191 quo
651 1115 802 1190 tempore
832 1094 1010 1192 Philippus
1041 1095 1180 1166 dimissa
1209 1103 1248 1171 in

198 1201 414 1270 Ambraciam
434 1202 671 1324 profectione
660 1227 699 1272 ιιι
719 1202 900 1270 Thraciam
921 1203 1040 1283 movit,
1064 1224 1247 1275 commune

198 1305 426 1374 Euboicarum
452 1309 635 1384 civitatium
664 1304 847 1392 concilium
881 1304 1079 1377 Chalcidem
1104 1331 1248 1431 congre·

198 1396 347 1504 gaudum
369 1401 510 1506 agitant,
539 1430 577 1479 ut
604 1409 668 1480 soli
689 1412 845 1480 Euboeae
875 1410 1022 1480 libertati
1049 1414 1246 1519 prospicere

197 1512 391 1602 videantur,
420 1534 520 1613 atque
550 1542 644 1584 cum
656 1502 783 1596 Oritis,
811 1512 965 1583 nondum
993 1531 1136 1607 tyranno
1163 1525 1247 1591 sub-

197 1617 293 1700 actis,
329 1619 465 1690 ioedus
476 1623 578 1702 etiam
605 1622 741 1702 ineunt,
777 1618 947 1687 Clitarcho
977 1618 1245 1702 dominationem

197 1722 406 1812 concedunt,
436 1749 480 1793 ne
509 1727 550 1792 ab
578 1725 642 1794 hac
662 1742 759 1816 parte
780 1721 1017 1819 impediantur.
1062 1725 1246 1796 Nihilomi-

151 1834 153 1838 ‘
196 1850 261 1894 nus
285 1827 416 1904 Oreum
438 1820 629 1898 Philistides
659 1829 772 1895 accitis
801 1827 1003 1921 aPhilippo
1026 1833 1245 1902 merecnariis

40 1984 45 1991 ,
160 1975 163 1981 Α
194 1931 370 2024 impugnat
397 1932 537 2028 Olymp.
568 1930 672 2016 clx,
706 1933 745 2014 3,
776 1949 811 2000 et
843 1929 1054 2025 Philippicae
1086 1933 1244 2007 factionis

197 2057 299 2127 opera
326 2037 366 2105 in
390 2053 588 2130 potestatem
615 2060 709 2105 suam
741 2033 872 2128 redigit
919 2037 1000 2120 Quo
1027 2036 1112 2106 facto
1133 2039 1244 2106 Athe-

173 2139 330 2208 -nienses
365 2141 573 2210 orationibus
606 2141 661 2207 de
686 2139 847 2207 Cherson.
877 2157 911 2207 et
935 2138 1087 2236 Philipp.
1115 2142 1181 2232 1115
1194 2143 1242 2214 ad

78 2259 80 2265 ·
196 2265 316 2336 pacem
355 2243 549 2314 solvendam
579 2246 708 2312 excitati
742 2242 882 2340 Olymp.
918 2243 1068 2327 clm
1102 2248 1243 2316 ineunte

197 2371 296 2433 vere,
348 2350 559 2446 instanteque
605 2348 757 2444 Philippi
796 2353 834 2417 in
874 2347 1084 2445 Hellesponti
1130 2353 1243 2446 regio·

195 2475 256 2520 nes
286 2442 520 2547 impressione,
538 2489 541 2495 ¹
562 2454 694 2524 auxilia·
715 2455 753 2523 in
784 2453 956 2522 Euboeam
987 2454 1153 2524 mittenda
1183 2454 1243 2524 dc-

108 2625 110 2627 .
198 2575 351 2628 cernunt.
396 2555 580 2629 Universae
608 2576 720 2627 tamen
748 2558 829 2626 huic
859 2559 1043 2626 sententiae
1072 2583 1160 2654 quae
1182 2560 1244 2626 ob-

196 2655 295 2745 stent,
316 2685 418 2756 supra
438 2662 586 2731 indicata
608 2680 695 2732 sunt.
740 2663 784 2730 Et
804 2679 970 2756 repugnat
989 2657 1027 2731 id
1047 2686 1151 2756 quam
1171 2674 1246 2732 ma·'

93 2754 95 2756 ¹
181 2766 298 2852 =xime,
320 2765 464 2860 quodsi
486 2765 625 2860 Olymp.
649 2767 750 2847 CIX,
773 2792 791 2832 a
815 2767 940 2861 iustum
961 2768 1030 2834 iam
1051 2791 1130 2834 cum
1148 2768 1244 2837 Oreo

196 2866 315 2954 foedus
337 2887 453 2940 contra
474 2871 671 2962 Philippum
693 2873 817 2940 iactum
839 2889 933 2964 esset,
966 2873 1074 2939 Oritis
1098 2870 1242 2966 Olymp.

104 3060 107 3066 Ι
197 2972 295 3056 clx,
318 2976 358 3058 3,
380 2976 465 3042 urbe
494 3001 513 3041 a
542 2972 691 3069 Philippi
719 2977 823 3071 copiis
845 2979 1051 3069 impugnata,
1073 2977 1243 3069 etiamque
1288 3067 1289 3071 Ἰ

198 3095 312 3172 capta„
339 3078 592 3173 implorandum
621 3079 740 3176 utique
767 3080 1024 3148 Atheniensium
1045 3081 1162 3148 fuisset
1183 3107 1244 3150 au·
1287 3086 1288 3096 ’

196 3182 335 3264 xilium,
365 3183 402 3249 id
432 3181 564 3277 quod
554 3208 591 3251 tn
615 3201 696 3250 orat.
720 3183 807 3250 Phil.
832 3186 883 3254 III
906 3185 1244 3259 commemorandum

195 3283 359 3377 profecto
356 3286 611 3355 Demosthenes
633 3311 703 3355 non
727 3286 967 3391 dereliquisset.

284 3387 354 3458 Sed
374 3413 436 3458 nos
458 3392 496 3458 in
517 3391 616 3457 rebus
637 3390 691 3458 his
713 3393 788 3460 satis
811 3394 878 3460 iam
905 3394 943 3461 in
957 3409 1142 3514 ‘utramque
1164 3418 1243 3487 par·

196 3510 265 3562 tem
287 3495 427 3565 excussis
455 3495 729 3590 conquiescentes
758 3495 802 3562 ad
830 3495 966 3566 finem
955 3520 1021 3562 ram
1044 3495 1243 3590 disputatio-

194 3599 250 3666 nis
275 3598 377 3668 huius
409 3600 643 3668 convertimur.
693 3600 748 3666 De
776 3597 882 3666 illis
872 3601 977 3693 igitur
1005 3617 1081 3669 utut
1108 3619 1242 3688 statuas,

194 3704 330 3771 missam
361 3725 431 3770 esse
452 3702 661 3798 legationem
690 3702 829 3801 Olymp.
861 3703 957 3788 CIX,
981 3729 1011 3787 2,
1035 3729 1079 3772 an
1102 3705 1243 3774 demum

196 3805 337 3901 Olymp.
370 3793 466 3890 CIX,
497 3811 536 3894 33
571 3806 817 3923 expeditionem
844 3807 998 3879 adversus
1029 3807 1242 3878 Clitarchum

195 3910 367 3980 Phocione
390 3909 475 3979 duce
505 3913 639 3981 missam
667 3936 737 3982 esse
762 3912 898 4014 Olymp.
923 3914 1021 3998 CIX,
1043 3938 1071 3978 a
1101 3909 1247 3983 demum

194 4017 234 4102 4,
270 4001 441 4085 Diodorus
467 4004 569 4085 refert
590 4017 699 4101 (XVI,
733 4016 800 4107 74),
824 4003 1063 4093 Demosthenes
1088 4020 1241 4112 expulsos

145 4169 147 4172 <
194 4119 332 4192 Euboea
354 4138 510 4213 tyrannos
534 4138 678 4204 testatur,
702 4134 880 4215 autequam
901 4124 939 4187 iu
950 4119 1165 4213 Hellesponti
1187 4147 1243 4189 re·
