2580 4680
612 245 679 316 229

564 329 721 349 Μ

123 409 166 476 Et
191 403 319 475 bellam
341 406 465 476 iustum
486 408 575 478 inter
601 412 752 504 Byzantii
780 411 988 481 ohsidionem
1014 418 1161 484 exortum
1259 420 1264 424 “

123 512 273 604 agnoseit
295 511 537 579 Demosthenes
557 538 592 606 p.
616 518 696 596 255,
720 533 752 583 et
773 534 903 607 gestum
924 540 994 583 esse
1015 541 1085 585 non
1107 542 1160 587 so-

122 616 195 684 lum
217 617 306 681 inter
326 614 479 706 Byzantii
501 614 725 697 obsidionem,
758 619 817 685 sed
845 621 944 687 etiarn
974 618 1016 686 ad
1042 644 1080 687 ea
1104 646 1160 688 us·

122 744 190 812 qne
212 737 373 810 tempora,
397 719 515 810 quibus
538 745 661 788 novum
684 723 721 787 iu
733 722 872 789 Graecia
889 721 1160 792 hellumsaerum

121 823 278 890 exarserit
299 824 372 912 ipso
390 821 546 916 Philippo
570 843 702 891 auctore
726 826 946 893 disertissimis
960 828 1066 893 verbis
1080 850 1161 919 pro-

120 928 262 994 nunciat
281 925 351 990 his:
375 925 430 992 οὔκ
450 920 490 1012 ἦν
510 934 567 995 τοῦ
596 927 677 1016 πρὸς
703 926 785 1012 ὑμᾶς
810 930 948 1015 πολέμου
975 932 1072 1017 πέρας
1093 931 1159 998 οὐδ’

120 1028 285 1117 ἀπαλλαγὴ
312 1030 467 1119 Φιλίππῳ,
492 1034 518 1097 εἰ
529 1031 573 1116 μὴ
592 1034 753 1118 Θηβαίους
767 1035 817 1099 nul
833 1033 1009 1111 Θετταλοὺς
1025 1035 1160 1121 ἐχθροὺς

120 1131 257 1221 ποιήσειε
288 1139 329 1222 τῇ
361 1131 457 1200 πόλει.
484 1132 564 1200 ἀλλὰ
591 1139 699 1222 καίπερ
733 1136 855 1213 ἀθλίως
882 1139 933 1204 καλ
961 1145 1063 1215 κακῶς
1096 1144 1161 1204 τῶν

120 1243 306 1327 στρατηγῶν
337 1241 400 1301 τῶν
431 1232 588 1324 υμετέρων
617 1239 835 1322 πολεμούντων
864 1240 966 1330 uisui,
995 1240 1081 1326 ὅμως
1108 1238 1161 1307 ὑπ’

118 1342 218 1409 αὐτοῦ
239 1347 296 1408 τοῦ
330 1340 467 1423 πολέμου
495 1343 546 1406 κοιλ
575 1348 638 1408 τῶν
663 1349 786 1431 λῃστῶν
811 1344 910 1430 μυρέα
936 1343 1049 1428 ἔπασχε
1067 1343 1159 1412 ’κονιολ

120 1484 161 1496 -
184 1438 225 1530 ἦν
246 1447 273 1510 δ’
306 1441 372 1509 οὔτ’
402 1445 435 1509 έν
455 1449 495 1532 τῇ
516 1444 661 1534 θαλάττῃ
694 1449 840 1532 κρείττων
869 1445 940 1511 τότε
960 1445 1064 1532 ὑμῶν,
1095 1447 1160 1514 οὔτ’

119 1552 164 1627 εἰς
185 1548 243 1635 τὴν
259 1545 401 1632 Ἀττικὴν
422 1548 525 1614 ἐλθεῖν
557 1547 697 1624 δύνατος.
722 1600 730 1614 .
754 1600 762 1616 .
787 1600 795 1616 .
829 1546 885 1630 (de
914 1573 982 1615 cor.
1010 1576 1045 1642 p.
1068 1551 1158 1640 276),

122 1676 209 1744 qnae
231 1652 342 1718 omnia
365 1648 406 1715 ad
428 1649 556 1716 belluna
584 1653 757 1743 pertinent
780 1651 917 1744 Olymp.
943 1652 1023 1731 CX,
1058 1676 1069 1718 t
1103 1678 1169 1747 ge-.

122 1774 229 1836 stum,
259 1770 436 1845 antequam
467 1752 625 1821 tumultus
654 1756 900 1848 Amphissensis
933 1755 1093 1849 Philippo
1121 1759 1159 1823 in

124 1859 300 1926 Graeciam
323 1855 504 1924 invadendi
525 1875 723 1951 potestatem
744 1859 876 1940 fecerit,
909 1857 946 1924 id
975 1859 1066 1952 quod
1099 1860 1160 1928 do·

122 1981 202 2032 cent
221 1963 393 2054 sequentia
414 1962 647 2029 Demosthenis
670 1963 777 2028 verba.
822 1964 935 2054 Atque
949 1966 1060 2030 omnia
1076 1964 1158 2032 haee

120 2068 253 2161 egregie
274 2066 449 2132 confirmat
470 2067 568 2133 etiam
580 2065 787 2146 Plutarchus,
810 2065 988 2135 Phocionis
1009 2092 1062 2135 res
1082 2088 1159 2162 post

118 2171 278 2240 liberatos
305 2170 481 2260 Byzantios
508 2187 612 2260 gestas
641 2170 692 2234 his
721 2171 829 2235 verbis
857 2169 1057 2240 celebrans:-
1076 2173 1159 2247 ollam

117 2272 216 2364 μένὸ
242 2275 396 2348 Φίλιππος
417 2272 536 2349 ἐξέπεσε
558 2279 614 2338 τοῦ
637 2269 863 2356 Ἕλληςπόντου
888 2273 960 2340 τότε
986 2279 1037 2342 nul
1066 2303 1169 2345 xorem

119 2377 268 2470 φρονῆθη
290 2414 335 2426 -
357 2373 374 2441 ὅ
398 2377 432 2440 δὲ
451 2377 581 2441 Φωκέων
601 2379 651 2440 καὶ
674 2383 749 2451 ναῦς
768 2400 855 2452 τινας
877 2373 1082 2460 sitarciam,
1105 2383 1156 2446 καὶ

118 2482 356 2575 φρουρουμένας
381 2478 486 2555 πόλεις
512 2478 659 2561 ἀνέλαβε,
690 2481 740 2544 καὶ
762 2477 938 2561 πολλαχόθι
971 2487 1027 2566 τῆς
1050 2482 1158 2569 χώρας

120 2585 291 2670 ἀποβάσεις
312 2583 511 2666 ποιοί-μενος,
545 2582 671 2670 ἐπόρθει
699 2585 749 2647 καὶ
781 2583 959 2669 κατέτρεχε,
990 2585 1098 2673 μέχρις
1119 2578 1158 2653 οὗ

118 2689 285 2779 τραυματα
318 2686 425 2771 λαβὼν
458 2683 519 2752 imi
557 2693 621 2752 τῶν
666 2685 948 2773 προςβοηθοῦντων
975 2687 1154 2761 ἀπέπλευσε.

119 2795 209 2861 Plut„
239 2792 341 2859 Phoc.
374 2814 403 2858 c.
440 2789 488 2876 '‘l-
547 2789 662 2882 ltaque
694 2791 819 2857 iustum
850 2813 928 2857 sane
960 2789 1088 2859 bellum
1123 2809 1157 2861 et

122 2897 260 2990 Olymp.
285 2895 358 2975 CX,
386 2919 396 2961 t
425 2894 562 2960 ineunte
585 2912 734 2961 exortum
757 2912 823 2976 est,
854 2911 985 2987 etpost
1015 2895 1163 2963 solutam

120 3003 221 3071 etiam
242 2999 393 3092 Byzantii
422 2996 629 3066 obsidionem
658 2999 896 3065 continuatum.
920 3035 961 3050 -
983 2997 1029 3065 At
1050 3023 1154 3091 quum

119 3103 299 3197 Philippus
321 3104 576 3195 impressionem
607 3103 644 3167 in
666 3100 844 3166 Graeciam
870 3100 912 3166 ab
934 3101 1155 3195 Amphictyo-

118 3209 219 3278 uihus
247 3209 401 3274 invitatus
440 3207 595 3287 iaciebat,
637 3207 750 3273 omnia
782 3219 900 3295 pacata
932 3207 1155 3299 conspicimus

120 3312 380 3403 compositaque.
423 3312 542 3404 Neque
562 3310 626 3377 hoc
648 3306 773 3387 solum,
794 3310 1029 3376 verumetiam
1050 3311 1157 3378 Athe·

118 3418 252 3485 aienses
275 3414 413 3508 Olymp.
438 3415 512 3495 CX,
535 3437 555 3480 a
577 3408 841 3503 Elaphebolionc
863 3427 896 3478 et
923 3413 1154 3506 Munychione

118 3522 213 3615 pacis
236 3518 339 3585 iactae
361 3537 395 3585 et
414 3541 478 3612 per
500 3519 754 3608 impressionem
783 3516 819 3581 in
849 3515 1024 3584 Graeciam
1053 3516 1154 3586 viola-

119 3643 172 3694 tae
204 3623 404 3717 Philippum
432 3620 628 3701 admonent,
661 3639 694 3687 et
721 3616 779 3685 ille
814 3621 920 3688 exorti
948 3619 1031 3687 belli
1057 3621 1154 3687 nulla

119 3729 291 3798 mentione
327 3726 414 3793 sacta
454 3723 491 3793 id
529 3724 638 3792 solum
675 3723 934 3792 Atheniensibus
970 3724 1154 3816 exprobrat,

120 3830 216 3926 quod
236 3828 408 3898 Thessalos
429 3828 674 3918 'Phebanosque
704 3826 891 3895 abalienare
920 3851 1031 3895 asese
1059 3828 1152 3894 omni

118 3935 222 4005 modo
244 3932 414 4012 studeant,
442 3949 476 3999 et
503 3931 769 4024 Scirophoriouis
790 3931 924 3998 demum
948 3932 1030 3997 XVI
1052 3931 1155 3997 Athe·

118 4043 270 4120 aienses,
302 4060 406 4129 quum
434 4052 529 4126 capta
560 4033 658 4105 modo
688 4033 802 4103 Elatea
828 4053 924 4119 meet,
952 4059 992 4101 ex
1022 4033 1155 4119 decreto
