2594 4672
580 231 737 336 Q

141 403 290 467 ierimus.
336 399 463 464 Interea
491 420 566 464 vero
591 397 728 490 Olymp.
758 397 838 482 CX,
866 421 876 465 ι
905 415 1046 466 exeunte
1069 420 1184 473 ortum

144 521 214 570 erat
234 500 359 586 bellum
390 502 541 568 adversus
567 502 818 594 Amphissenses
847 501 1182 595 Amphictyonicum,

143 610 236 675 cuius
260 606 380 671 ducem
408 605 670 698 Amphictyones
701 605 837 698 Olymp.
873 605 954 684 CX,
984 630 1002 682 2
1039 596 1185 703 Metagi-

58 738 61 743 ·
144 713 258 778 talione
280 709 477 801 Philippum
501 708 663 775 crearunt.
709 712 797 793 Quo,
811 708 896 775 facto
919 709 1100 805 Philippus
1131 717 1186 783 in.

141 809 586 907 sequentiElaphebolione
619 837 681 904 per
717 806 971 905 Thermopylas
1000 816 1185 899 Locridem

140 920 276 998 invasit,
300 917 587 1008 Amphictyonum
610 915 741 982 decreta
770 934 1053 985 exsecuturumse
1077 922 1186 988 simu-

139 1021 221 1103 lans,
244 1046 281 1087 re
303 1046 378 1086 vera
400 1039 437 1102 ut
459 1020 675 1086 Athenienses
690 1021 733 1109 in
755 1022 906 1113 ipsorum
919 1038 1006 1087 terra
1027 1046 1185 1094 coercere

140 1144 260 1219 posset.
315 1124 403 1189 Tum
436 1128 614 1215 temporis,
653 1125 801 1216 ingresso
831 1125 899 1189 iam
933 1127 970 1190 in
1002 1124 1184 1198 Graeciam

140 1230 312 1321 Philippo,
336 1227 553 1293 Athenienses
584 1252 619 1293 ex
643 1226 774 1295 decreto
798 1228 1031 1296 Demosthenis
1060 1233 1101 1298 τὰ
1125 1236 1186 1321 μὲν

140 1334 215 1422 ἔργα
236 1334 276 1400 τὰ
297 1335 365 1419 περὶ
387 1331 461 1409 τοὺς
488 1335 665 1409 νεωςοίκους
694 1331 824 1419 anicla
847 1332 1040 1420 σκευοθήκην
1063 1336 1185 1420 ἀνεβά·

139 1444 230 1529 ᾏρντο
264 1437 528 1518 (intermiserunt
563 1436 767 1503 ordinariam
796 1454 829 1503 et
858 1460 929 1503 non
960 1443 1185 1508 necessariam

55 1578 59 1589 ·
137 1539 307 1607 navalium
333 1558 366 1606 et
395 1542 641 1606 armamentarii
673 1536 933 1605 reficiendorum
963 1550 1097 1626 curam)
1129 1545 1183 1613 διὰ

136 1644 193 1710 τὸν
222 1643 358 1728 πόλεμον
384 1643 439 1710 τὸν
470 1645 551 1731 πρὸς
583 1648 753 1724 &drances
776 1643 816 1709 τὰ
839 1644 873 1708 δὲ
897 1642 1033 1731 χρήματ’
1057 1647 1184 1738 ἑψηφί-

137 1774 231 1815 σαντο
253 1747 342 1814 πάντ’
364 1745 440 1815 εἶναι
463 1747 683 1835 στρατιωτικά,
708 1764 744 1813 ut
763 1744 805 1812 ad
820 1745 950 1833 bellum
969 1750 1123 1816 cominus
1149 1770 1182 1821 et

134 1854 268 1919 iamiam
298 1853 482 1943 gerendum
515 1876 628 1918 omnes
654 1853 815 1942 pecuniae
845 1849 1009 1917 militibu‘s
1044 1855 1180 1922 condu-

137 1955 251 2043 cendis
274 1954 471 2047 alendisque
493 1953 644 2046 impendi
672 1973 816 2047 possent.
869 1953 911 2019 ld
939 1953 1029 2046 quod
1051 1956 1180 2027 factum

138 2079 187 2127 est
212 2078 292 2151 'aut
319 2063 390 2151 ipso
421 2061 487 2124 iam
516 2083 628 2125 mense
657 2056 922 2150 Elaphebolione
958 2074 1016 2126 aut
1046 2060 1177 2153 aliquot

135 2158 303 2230 mensibus
326 2181 409 2256 post.
455 2165 573 2256 quue
594 2165 665 2255 ipso
691 2180 840 2256 tempore
862 2163 954 2228 urbis
978 2164 1074 2237 etiam
1095 2179 1173 2231 mu-

134 2267 278 2356 niendae
310 2287 343 2334 et
364 2292 535 2334 murorum
562 2266 830 2334 reficiendorum
848 2291 976 2332 summa
996 2292 1084 2336 sane
1114 2293 1178 2336 ne-

135 2373 267 2445 cessitas
291 2370 413 2453 aderat,
437 2398 542 2465 quum
565 2373 667 2440 hostis
695 2396 796 2463 super
819 2372 927 2462 capite
948 2388 1063 2438 staret.¹
1106 2371 1177 2440 Sed

132 2471 371 2567 Athenienses,
405 2502 510 2569 quvrm
545 2478 692 2569 primum
722 2474 900 2568 Philippus
928 2477 964 2540 iu
994 2474 1176 2544 Graeciam

131 2585 298 2673 ingressus
328 2597 414 2660 erat,
442 2581 538 2646 initio
567 2579 603 2644 id
631 2581 771 2668 agebant
798 2581 954 2659 maxime,
985 2573 1063 2644 eum
1096 2600 1135 2648 ut
1156 2606 1176 2647 a

131 2705 221 2753 terra
243 2709 299 2750 sua
322 2707 422 2774 quam
445 2701 580 2775 possent
600 2682 793 2772 longissime
819 2685 1012 2759 retinerent.
1035 2674 1038 2681 ¹
1061 2685 1173 2768 Quam

131 2789 175 2857 ob
205 2813 276 2854 rem
306 2785 573 2878 Elaphebolione‘
596 2788 694 2854 XXV
733 2785 883 2853 inducias
912 2805 1032 2879 rogant
1065 2812 1173 2882 usque

130 2891 174 2959 ad
193 2890 461 2983 Thargelionem,
485 2913 523 2956 eo
546 2893 705 2983 temporis
723 2889 896 2959 intervallo
917 2891 1098 2959 Thebanos
1120 2916 1172 2960 se-

129 3022 206 3064 cum
229 2994 464 3064 conciliaturus
487 3018 522 3061 se
550 3019 619 3061 esse
645 3013 823 3094 spermantes
870 2996 989 3061 Factae
1011 2993 1170 3063 induciae

71 3166 73 3170 ,
128 3119 331 3168 renovantur
370 3098 609 3195 Munychionis
640 3089 762 3166 ultimo
802 3097 865 3183 die.
929 3099 978 3164 Eo
1018 3115 1170 3192 tempore

128 3183 282 3271 Thebani
303 3205 434 3271 mutatis
458 3202 605 3271 consiliis
626 3226 743 3295 pacem
766 3226 800 3269 se
818 3203 1112 3305 amicitiamque
1092 3229 1170 3270 cum

127 3307 289 3428 Philippo
313 3309 539 3375 observaturos
561 3331 630 3374 csse
652 3304 909 3374 declaraverunt
955 3307 1031 3389 Qua
1051 3324 1169 3373 rerum

128 3414 343 3502 conversione
364 3411 623 3479 Atheniensibus
653 3435 800 3478 summus
829 3413 896 3476 iam
921 3406 1032 3477 illatus
1055 3429 1106 3479 est
1127 3411 1169 3478 ti-

126 3541 212 3605 mor,
235 3540 278 3582 ne
301 3514 498 3610 Philippus,
528 3517 682 3585 societate
705 3516 806 3583 etiam
825 3516 1064 3581 Thebanorum
1087 3537 1168 3583 con·

126 3612 253 3703 elliam,
295 3622 441 3687 Atticam
479 3621 551 3688 sinc
592 3620 663 3687 ullo
701 3612 943 3711 impedimento
982 3616 1166 3709 ἰιιιιόιιιι.ι

127 3714 238 3815 Quam
264 3724 312 3792 ob
335 3748 408 3791 rem
437 3742 511 3793 tum
538 3748 594 3792 cos
627 3722 669 3791 de
691 3729 771 3790 urhe
794 3719 1052 3792 communienda
1076 3723 1166 3814 cogi·

124 3847 209 3930 tasse
245 3829 383 3898 omnino
420 3847 470 3897 est
509 3826 709 3923 verisimile,
754 3828 866 3921 itaque
903 3845 1165 3895 consentancum

125 3935 242 4024 cuam,
270 3933 541 4001 Demosthenem
553 3918 776 4029 Thargolione
804 3949 943 3999 exeunte
969 3931 1083 4025 legem
1111 3950 1165 4000 tu-

121 4037 202 4141 lissa
225 4036 268 4107 de
295 4038 455 4131 creandis
474 4036 557 4131 ad
546 4054 778 4130 tuaequeutem
812 4060 953 4116 annum,
988 4038 1028 4109 in
1058 4060 1163 4131 quem

681 4184 689 4219 l
