<?xml version="1.0" encoding="UTF-8"?>
<!DOCTYPE html PUBLIC "-//W3C//DTD XHTML 1.0 Transitional//EN"
    "http://www.w3.org/TR/xhtml1/DTD/xhtml1-transitional.dtd">
<html xmlns="http://www.w3.org/1999/xhtml" xml:lang="en" lang="en">
 <head>
  <title>
</title>
<meta http-equiv="Content-Type" content="text/html;charset=utf-8" />
  <meta name='ocr-system' content='tesseract 3.04.00' />
  <meta name='ocr-capabilities' content='ocr_page ocr_carea ocr_par ocr_line ocrx_word'/>
</head>
<body>
  <div class='ocr_page' id='page_1' title='image "./commentariihist00wiengoog_0037.png"; bbox 0 0 2594 4672; ppageno 0'>
   <div class='ocr_carea' id='block_1_1' title="bbox 658 243 814 346">
    <p class='ocr_par' dir='ltr' id='par_1_1' title="bbox 658 243 814 346">
     <span class='ocr_line' id='line_1_1' title="bbox 658 243 814 346; baseline 0 -41"><span class='ocrx_word' id='word_1_1' title='bbox 658 243 814 346; x_wconf 47' lang='lat' dir='ltr'>A</span> 
     </span>
    </p>
   </div>
   <div class='ocr_carea' id='block_1_2' title="bbox 114 404 1258 2065">
    <p class='ocr_par' dir='ltr' id='par_1_2' title="bbox 118 404 1258 1541">
     <span class='ocr_line' id='line_1_2' title="bbox 215 404 1257 500; baseline 0.005 -21"><span class='ocrx_word' id='word_1_2' title='bbox 215 409 378 479; x_wconf 89' lang='lat' dir='ltr'><strong>solebant.</strong></span> <span class='ocrx_word' id='word_1_3' title='bbox 431 405 502 475; x_wconf 87' lang='lat' dir='ltr'><strong>Sed</strong></span> <span class='ocrx_word' id='word_1_4' title='bbox 531 407 723 488; x_wconf 82' lang='lat' dir='ltr'><strong>archontes,</strong></span> <span class='ocrx_word' id='word_1_5' title='bbox 753 404 844 500; x_wconf 84' lang='lat' dir='ltr'><strong>quos</strong></span> <span class='ocrx_word' id='word_1_6' title='bbox 873 407 1007 476; x_wconf 84' lang='lat' dir='ltr'><strong>exhibet</strong></span> <span class='ocrx_word' id='word_1_7' title='bbox 1034 432 1083 478; x_wconf 88' lang='lat' dir='ltr'><strong>or.</strong></span> <span class='ocrx_word' id='word_1_8' title='bbox 1107 410 1149 480; x_wconf 87' lang='lat' dir='ltr'><strong>de</strong></span> <span class='ocrx_word' id='word_1_9' title='bbox 1178 437 1257 497; x_wconf 71' lang='lat' dir='ltr'><strong>eon,</strong></span> 
     </span>
     <span class='ocr_line' id='line_1_3' title="bbox 215 502 1258 605; baseline 0.002 -26"><span class='ocrx_word' id='word_1_10' title='bbox 215 537 330 587; x_wconf 85' lang='lat' dir='ltr'><strong>omnes</strong></span> <span class='ocrx_word' id='word_1_11' title='bbox 351 510 420 577; x_wconf 85' lang='lat' dir='ltr'><strong>fere</strong></span> <span class='ocrx_word' id='word_1_12' title='bbox 443 511 484 576; x_wconf 91' lang='lat' dir='ltr'><strong>ab</strong></span> <span class='ocrx_word' id='word_1_13' title='bbox 500 502 693 604; x_wconf 55' lang='lat' dir='ltr'><strong>Eponymis¹</strong></span> <span class='ocrx_word' id='word_1_14' title='bbox 706 512 746 579; x_wconf 88' lang='lat' dir='ltr'><strong>iis</strong></span> <span class='ocrx_word' id='word_1_15' title='bbox 770 537 877 605; x_wconf 86' lang='lat' dir='ltr'><strong>quam</strong></span> <span class='ocrx_word' id='word_1_16' title='bbox 901 514 1043 580; x_wconf 86' lang='lat' dir='ltr'>maxime</span> <span class='ocrx_word' id='word_1_17' title='bbox 1066 512 1258 599; x_wconf 77' lang='lat' dir='ltr'><strong>abhorrent,</strong></span> 
     </span>
     <span class='ocr_line' id='line_1_4' title="bbox 216 610 1257 710; baseline 0.002 -27"><span class='ocrx_word' id='word_1_18' title='bbox 216 619 276 710; x_wconf 86' lang='lat' dir='ltr'><strong>qui</strong></span> <span class='ocrx_word' id='word_1_19' title='bbox 297 617 403 682; x_wconf 87' lang='lat' dir='ltr'><strong>Fastis</strong></span> <span class='ocrx_word' id='word_1_20' title='bbox 426 616 556 697; x_wconf 81' lang='lat' dir='ltr'><strong>Atticis,</strong></span> <span class='ocrx_word' id='word_1_21' title='bbox 579 618 616 683; x_wconf 92' lang='lat' dir='ltr'><strong>in</strong></span> <span class='ocrx_word' id='word_1_22' title='bbox 637 610 700 682; x_wconf 77' lang='lat' dir='ltr'><strong>hae</strong></span> <span class='ocrx_word' id='word_1_23' title='bbox 722 618 920 708; x_wconf 89' lang='lat' dir='ltr'><strong>praesertim</strong></span> <span class='ocrx_word' id='word_1_24' title='bbox 942 634 1045 683; x_wconf 87' lang='lat' dir='ltr'><strong>aetate</strong></span> <span class='ocrx_word' id='word_1_25' title='bbox 1065 616 1257 710; x_wconf 85' lang='lat' dir='ltr'><strong>Philippica</strong></span> 
     </span>
     <span class='ocr_line' id='line_1_5' title="bbox 145 717 1256 812; baseline -0.002 -23"><span class='ocrx_word' id='word_1_26' title='bbox 145 775 148 779; x_wconf 79' lang='lat'><em>.</em></span> <span class='ocrx_word' id='word_1_27' title='bbox 215 722 341 812; x_wconf 88' lang='lat' dir='ltr'><strong>optime</strong></span> <span class='ocrx_word' id='word_1_28' title='bbox 364 717 554 811; x_wconf 69' lang='lat' dir='ltr'><strong>exploratis,</strong></span> <span class='ocrx_word' id='word_1_29' title='bbox 577 720 763 812; x_wconf 80' lang='lat' dir='ltr'><strong>consignati</strong></span> <span class='ocrx_word' id='word_1_30' title='bbox 785 719 871 787; x_wconf 83' lang='lat' dir='ltr'><strong>sunt.</strong></span> <span class='ocrx_word' id='word_1_31' title='bbox 916 720 1037 786; x_wconf 83' lang='lat' dir='ltr'><strong>Natam</strong></span> <span class='ocrx_word' id='word_1_32' title='bbox 1065 718 1146 786; x_wconf 85' lang='lat' dir='ltr'><strong>inde</strong></span> <span class='ocrx_word' id='word_1_33' title='bbox 1175 743 1256 787; x_wconf 83' lang='lat' dir='ltr'><strong>con-</strong></span> 
     </span>
     <span class='ocr_line' id='line_1_6' title="bbox 212 822 1254 915; baseline 0 -25"><span class='ocrx_word' id='word_1_34' title='bbox 212 842 276 892; x_wconf 88' lang='lat' dir='ltr'><strong>stat</strong></span> <span class='ocrx_word' id='word_1_35' title='bbox 297 823 581 890; x_wconf 84' lang='lat' dir='ltr'><strong>intricatissimam</strong></span> <span class='ocrx_word' id='word_1_36' title='bbox 615 825 843 915; x_wconf 87' lang='lat' dir='ltr'><strong>quaestionem</strong></span> <span class='ocrx_word' id='word_1_37' title='bbox 874 849 943 891; x_wconf 88' lang='lat' dir='ltr'><strong>esse</strong></span> <span class='ocrx_word' id='word_1_38' title='bbox 965 822 1008 890; x_wconf 90' lang='lat' dir='ltr'><strong>de</strong></span> <span class='ocrx_word' id='word_1_39' title='bbox 1029 824 1254 892; x_wconf 87' lang='lat' dir='ltr'><strong>Archontihus</strong></span> 
     </span>
     <span class='ocr_line' id='line_1_7' title="bbox 212 920 1254 1021; baseline 0.001 -27"><span class='ocrx_word' id='word_1_40' title='bbox 212 926 506 1021; x_wconf 89' lang='lat' dir='ltr'><strong>pseudeponymis,</strong></span> <span class='ocrx_word' id='word_1_41' title='bbox 529 951 674 1018; x_wconf 88' lang='lat' dir='ltr'><strong>quorum</strong></span> <span class='ocrx_word' id='word_1_42' title='bbox 706 953 773 992; x_wconf 89' lang='lat' dir='ltr'><strong>una</strong></span> <span class='ocrx_word' id='word_1_43' title='bbox 802 928 872 997; x_wconf 85' lang='lat' dir='ltr'><strong>fere</strong></span> <span class='ocrx_word' id='word_1_44' title='bbox 900 920 1140 1021; x_wconf 85' lang='lat' dir='ltr'><strong>etpraecipua</strong></span> <span class='ocrx_word' id='word_1_45' title='bbox 1159 926 1254 995; x_wconf 83' lang='lat' dir='ltr'><strong>sedes</strong></span> 
     </span>
     <span class='ocr_line' id='line_1_8' title="bbox 214 1030 1255 1124; baseline -0.001 -25"><span class='ocrx_word' id='word_1_46' title='bbox 214 1048 264 1099; x_wconf 89' lang='lat' dir='ltr'><strong>est</strong></span> <span class='ocrx_word' id='word_1_47' title='bbox 285 1034 323 1097; x_wconf 94' lang='lat' dir='ltr'><strong>in</strong></span> <span class='ocrx_word' id='word_1_48' title='bbox 344 1030 408 1096; x_wconf 85' lang='lat' dir='ltr'><strong>hac</strong></span> <span class='ocrx_word' id='word_1_49' title='bbox 430 1030 666 1098; x_wconf 72' lang='lat' dir='ltr'><strong>Demosthenis</strong></span> <span class='ocrx_word' id='word_1_50' title='bbox 695 1035 854 1099; x_wconf 87' lang='lat' dir='ltr'><strong>oratione.</strong></span> <span class='ocrx_word' id='word_1_51' title='bbox 908 1032 961 1098; x_wconf 88' lang='lat' dir='ltr'><strong>De</strong></span> <span class='ocrx_word' id='word_1_52' title='bbox 983 1032 1050 1112; x_wconf 90' lang='lat' dir='ltr'><strong>his,</strong></span> <span class='ocrx_word' id='word_1_53' title='bbox 1082 1056 1184 1124; x_wconf 87' lang='lat' dir='ltr'><strong>quum</strong></span> <span class='ocrx_word' id='word_1_54' title='bbox 1210 1031 1255 1098; x_wconf 85' lang='lat' dir='ltr'><strong>ad</strong></span> 
     </span>
     <span class='ocr_line' id='line_1_9' title="bbox 154 1132 1256 1228; baseline 0.002 -26"><span class='ocrx_word' id='word_1_55' title='bbox 154 1174 156 1185; x_wconf 93' lang='lat'><em>·</em></span> <span class='ocrx_word' id='word_1_56' title='bbox 213 1132 443 1224; x_wconf 85' lang='lat' dir='ltr'><strong>investiganda</strong></span> <span class='ocrx_word' id='word_1_57' title='bbox 465 1153 613 1227; x_wconf 88' lang='lat' dir='ltr'><strong>tempora</strong></span> <span class='ocrx_word' id='word_1_58' title='bbox 634 1135 720 1201; x_wconf 89' lang='lat' dir='ltr'><strong>nihil</strong></span> <span class='ocrx_word' id='word_1_59' title='bbox 743 1135 930 1228; x_wconf 78' lang='lat' dir='ltr'><strong>expediant,</strong></span> <span class='ocrx_word' id='word_1_60' title='bbox 953 1134 1124 1227; x_wconf 78' lang='lat' dir='ltr'><strong>disputare</strong></span> <span class='ocrx_word' id='word_1_61' title='bbox 1141 1139 1256 1227; x_wconf 58' lang='lat' dir='ltr'><strong>singut-</strong></span> 
     </span>
     <span class='ocr_line' id='line_1_10' title="bbox 213 1238 1256 1332; baseline 0.003 -27"><span class='ocrx_word' id='word_1_62' title='bbox 213 1240 257 1306; x_wconf 93' lang='lat' dir='ltr'><strong>lis</strong></span> <span class='ocrx_word' id='word_1_63' title='bbox 290 1238 481 1331; x_wconf 81' lang='lat' dir='ltr'><strong>quibusque</strong></span> <span class='ocrx_word' id='word_1_64' title='bbox 508 1239 592 1306; x_wconf 85' lang='lat' dir='ltr'><strong>locis</strong></span> <span class='ocrx_word' id='word_1_65' title='bbox 623 1240 806 1315; x_wconf 87' lang='lat' dir='ltr'><strong>omisimus.</strong></span> <span class='ocrx_word' id='word_1_66' title='bbox 859 1238 1132 1332; x_wconf 86' lang='lat' dir='ltr'><strong>Intelligehamus</strong></span> <span class='ocrx_word' id='word_1_67' title='bbox 1163 1243 1256 1325; x_wconf 80' lang='lat' dir='ltr'><strong>enim</strong></span> 
     </span>
     <span class='ocr_line' id='line_1_11' title="bbox 213 1340 1256 1437; baseline 0.004 -29"><span class='ocrx_word' id='word_1_68' title='bbox 213 1341 357 1409; x_wconf 86' lang='lat' dir='ltr'><strong>iudicari</strong></span> <span class='ocrx_word' id='word_1_69' title='bbox 379 1340 422 1407; x_wconf 90' lang='lat' dir='ltr'><strong>de</strong></span> <span class='ocrx_word' id='word_1_70' title='bbox 444 1344 485 1408; x_wconf 89' lang='lat' dir='ltr'><strong>iis</strong></span> <span class='ocrx_word' id='word_1_71' title='bbox 507 1361 582 1409; x_wconf 90' lang='lat' dir='ltr'><strong>ante</strong></span> <span class='ocrx_word' id='word_1_72' title='bbox 605 1366 675 1409; x_wconf 91' lang='lat' dir='ltr'><strong>non</strong></span> <span class='ocrx_word' id='word_1_73' title='bbox 695 1368 811 1437; x_wconf 88' lang='lat' dir='ltr'><strong>posse,</strong></span> <span class='ocrx_word' id='word_1_74' title='bbox 845 1370 947 1436; x_wconf 81' lang='lat' dir='ltr'><strong>quam</strong></span> <span class='ocrx_word' id='word_1_75' title='bbox 968 1345 1067 1425; x_wconf 87' lang='lat' dir='ltr'><strong>anni,</strong></span> <span class='ocrx_word' id='word_1_76' title='bbox 1101 1342 1146 1411; x_wconf 89' lang='lat' dir='ltr'><strong>ad</strong></span> <span class='ocrx_word' id='word_1_77' title='bbox 1173 1367 1256 1437; x_wconf 84' lang='lat' dir='ltr'><strong>quoe</strong></span> 
     </span>
     <span class='ocr_line' id='line_1_12' title="bbox 118 1436 1255 1541; baseline -0.001 -27"><span class='ocrx_word' id='word_1_78' title='bbox 118 1520 124 1532; x_wconf 27' lang='lat' dir='ltr'>x</span> <span class='ocrx_word' id='word_1_79' title='bbox 214 1445 363 1538; x_wconf 85' lang='lat' dir='ltr'><strong>singulus</strong></span> <span class='ocrx_word' id='word_1_80' title='bbox 387 1469 502 1512; x_wconf 89' lang='lat' dir='ltr'><strong>eorum</strong></span> <span class='ocrx_word' id='word_1_81' title='bbox 526 1447 668 1539; x_wconf 90' lang='lat' dir='ltr'><strong>quisque</strong></span> <span class='ocrx_word' id='word_1_82' title='bbox 688 1436 882 1514; x_wconf 75' lang='lat' dir='ltr'><strong>referendus</strong></span> <span class='ocrx_word' id='word_1_83' title='bbox 904 1450 964 1529; x_wconf 89' lang='lat' dir='ltr'><strong>sit,</strong></span> <span class='ocrx_word' id='word_1_84' title='bbox 988 1449 1115 1541; x_wconf 87' lang='lat' dir='ltr'><strong>cogniti</strong></span> <span class='ocrx_word' id='word_1_85' title='bbox 1137 1465 1255 1529; x_wconf 84' lang='lat' dir='ltr'><strong>essent,</strong></span> 
     </span>
    </p>

    <p class='ocr_par' dir='ltr' id='par_1_3' title="bbox 114 1550 1258 2065">
     <span class='ocr_line' id='line_1_13' title="bbox 175 1550 1257 1651; baseline 0.002 -34"><span class='ocrx_word' id='word_1_86' title='bbox 175 1642 179 1651; x_wconf 22' lang='grc'>1</span> <span class='ocrx_word' id='word_1_87' title='bbox 214 1568 249 1618; x_wconf 86' lang='lat' dir='ltr'><strong>ct</strong></span> <span class='ocrx_word' id='word_1_88' title='bbox 270 1568 421 1617; x_wconf 88' lang='lat' dir='ltr'><strong>accurate</strong></span> <span class='ocrx_word' id='word_1_89' title='bbox 443 1552 625 1619; x_wconf 88' lang='lat' dir='ltr'><strong>constituti.</strong></span> <span class='ocrx_word' id='word_1_90' title='bbox 670 1552 732 1618; x_wconf 92' lang='lat' dir='ltr'><strong>His</strong></span> <span class='ocrx_word' id='word_1_91' title='bbox 754 1553 857 1645; x_wconf 82' lang='lat' dir='ltr'><strong>igitur</strong></span> <span class='ocrx_word' id='word_1_92' title='bbox 877 1552 1064 1646; x_wconf 82' lang='lat' dir='ltr'><strong>exploratis,</strong></span> <span class='ocrx_word' id='word_1_93' title='bbox 1087 1550 1174 1644; x_wconf 91' lang='lat' dir='ltr'><strong>quid</strong></span> <span class='ocrx_word' id='word_1_94' title='bbox 1192 1553 1257 1620; x_wconf 88' lang='lat' dir='ltr'><strong>sibi</strong></span> 
     </span>
     <span class='ocr_line' id='line_1_14' title="bbox 213 1654 1258 1747; baseline 0.003 -25"><span class='ocrx_word' id='word_1_95' title='bbox 213 1655 320 1723; x_wconf 85' lang='lat' dir='ltr'><strong>velint</strong></span> <span class='ocrx_word' id='word_1_96' title='bbox 353 1655 527 1722; x_wconf 83' lang='lat' dir='ltr'><strong>archontes</strong></span> <span class='ocrx_word' id='word_1_97' title='bbox 549 1655 615 1737; x_wconf 84' lang='lat' dir='ltr'><strong>isti,</strong></span> <span class='ocrx_word' id='word_1_98' title='bbox 638 1658 887 1747; x_wconf 89' lang='lat' dir='ltr'><strong>sententiaeque</strong></span> <span class='ocrx_word' id='word_1_99' title='bbox 907 1659 1058 1724; x_wconf 84' lang='lat' dir='ltr'><strong>virorum</strong></span> <span class='ocrx_word' id='word_1_100' title='bbox 1081 1654 1258 1725; x_wconf 78' lang='lat' dir='ltr'><strong>doctorum</strong></span> 
     </span>
     <span class='ocr_line' id='line_1_15' title="bbox 213 1757 1258 1852; baseline 0.001 -26"><span class='ocrx_word' id='word_1_101' title='bbox 213 1757 389 1851; x_wconf 86' lang='lat' dir='ltr'><strong>hucusque</strong></span> <span class='ocrx_word' id='word_1_102' title='bbox 422 1757 465 1824; x_wconf 89' lang='lat' dir='ltr'><strong>de</strong></span> <span class='ocrx_word' id='word_1_103' title='bbox 493 1758 534 1825; x_wconf 86' lang='lat' dir='ltr'><strong>iia</strong></span> <span class='ocrx_word' id='word_1_104' title='bbox 555 1758 703 1852; x_wconf 87' lang='lat' dir='ltr'><strong>prolatae</strong></span> <span class='ocrx_word' id='word_1_105' title='bbox 733 1761 923 1852; x_wconf 77' lang='lat' dir='ltr'><strong>aliquemne</strong></span> <span class='ocrx_word' id='word_1_106' title='bbox 946 1760 1097 1827; x_wconf 65' lang='lat' dir='ltr'><strong>&#39;habeant</strong></span> <span class='ocrx_word' id='word_1_107' title='bbox 1119 1758 1190 1828; x_wconf 83' lang='lat' dir='ltr'><strong>veri</strong></span> <span class='ocrx_word' id='word_1_108' title='bbox 1211 1763 1258 1827; x_wconf 89' lang='lat' dir='ltr'><strong>si·</strong></span> 
     </span>
     <span class='ocr_line' id='line_1_16' title="bbox 212 1861 1257 1958; baseline 0.005 -28"><span class='ocrx_word' id='word_1_109' title='bbox 212 1862 461 1944; x_wconf 85' lang='lat' dir='ltr'><strong>militudinem,</strong></span> <span class='ocrx_word' id='word_1_110' title='bbox 492 1863 530 1929; x_wconf 93' lang='lat' dir='ltr'><strong>in</strong></span> <span class='ocrx_word' id='word_1_111' title='bbox 561 1863 708 1958; x_wconf 86' lang='lat' dir='ltr'><strong>Epilogo</strong></span> <span class='ocrx_word' id='word_1_112' title='bbox 746 1864 830 1932; x_wconf 86' lang='lat' dir='ltr'><strong>libri</strong></span> <span class='ocrx_word' id='word_1_113' title='bbox 858 1865 956 1951; x_wconf 79' lang='lat' dir='ltr'><strong>nobis</strong></span> <span class='ocrx_word' id='word_1_114' title='bbox 994 1861 1257 1935; x_wconf 84' lang='lat' dir='ltr'><strong>discernendum</strong></span> 
     </span>
     <span class='ocr_line' id='line_1_17' title="bbox 114 1967 460 2065; baseline -0.006 -30"><span class='ocrx_word' id='word_1_115' title='bbox 114 1980 118 1987; x_wconf 86' lang='lat'>&#39;</span> <span class='ocrx_word' id='word_1_116' title='bbox 213 1967 460 2065; x_wconf 82' lang='lat' dir='ltr'><strong>proposuimus.</strong></span> 
     </span>
    </p>
   </div>
   <div class='ocr_carea' id='block_1_3' title="bbox 0 0 1312 4672">
    <p class='ocr_par' dir='ltr' id='par_1_4' title="bbox 0 0 1312 4672">
     <span class='ocr_line' id='line_1_18' title="bbox 0 0 1312 4672; baseline 0 0"><span class='ocrx_word' id='word_1_117' title='bbox 0 0 1312 4672; x_wconf 95' lang='lat' dir='ltr'><strong> </strong></span> 
     </span>
    </p>
   </div>
  </div>
 </body>
</html>
