2594 4672
592 282 748 385 gor—

151 446 295 536 secundi⁴
319 445 836 538 Elaphebolione‘‚celebrandis,
867 450 959 542 qnod
988 451 1046 519 ille
1070 477 1193 522 munus

95 611 96 615 ,
150 553 220 616 ia'm
242 548 455 642 deposuerat,
483 553 619 640 fortasse
650 556 749 620 etiam
779 557 922 622 rationes
944 555 1124 640 retulerat,
1146 561 1193 641 hi,

111 700 114 704 ι
148 672 328 748 postquam
356 666 478 722 munus
507 656 617 748 elapso
647 657 704 724 Ol.
737 659 815 726 CVI
848 685 876 724 a.
912 684 931 724 a
963 659 1193 753 deposuerint,

149 760 355 852 insequentis
387 763 481 841 anni,
510 761 568 827 01.
600 761 696 843 CVI,
728 764 759 843 3,
784 764 916 853 Magnis
938 758 1193 850 Panathenaicis,

148 863 440 931 Heoatombaeone
463 851 615 955 agendis,
645 865 768 932 deinde
790 867 913 932 iterum
936 867 1089 935 eiusdem
1112 874 1193 938 anni

73 952 79 975 ’
148 968 336 1060 Dionysiis,
367 968 504 1035 horest
531 967 586 1035 01.
614 968 708 1051 CVI,
739 972 758 1038 3
790 968 1062 1061 Elaphebolione.
1118 975 1193 1042 Sci-

79 1107 81 1110 <
147 1069 225 1142 lieet
251 1073 288 1139 hi
318 1070 418 1139 simul
447 1096 525 1139 cum
552 1072 712 1139 Nausiele
741 1072 798 1139 01.
830 1073 924 1155 CVI,
955 1099 975 1140 a
1016 1077 1191 1170 Dionysiis

147 1173 301 1245 coronari
314 1175 477 1266 ¹nondum
498 1187 662 1270 poterant,
685 1175 778 1268 quod
805 1178 856 1271 eis
886 1175 929 1242 ad
956 1177 1060 1247 finem
1083 1206 1191 1273 usque
1214 1211 1216 1223 ³

147 1283 229 1348 anni
268 1305 389 1347 munus
425 1279 610 1372 gerendum
647 1300 733 1363 erat,
771 1299 805 1348 et
835 1279 925 1372 leges
952 1283 1103 1351 mediam
1137 1288 1191 1352 in-

145 1405 198 1454 ter
231 1387 381 1452 muneris
422 1382 744 1452 administrationem
784 1387 993 1474 magistratus
1030 1395 1189 1458 coronari

145 1491 311 1558 vetabant.
352 1491 479 1574 ¹Quam
514 1489 558 1556 ob
586 1514 660 1558 rem
690 1487 876 1558 differenda
904 1511 1050 1557 coronae
1090 1519 1190 1586 prae-

146 1595 268 1664 dicatio
311 1611 381 1662 erat
420 1616 527 1686 usque
566 1592 609 1659 ad
645 1595 852 1684 insequentis
896 1595 977 1660 anni
1010 1596 1188 1690 Dionysia.

145 1703 240 1785 Quae
261 1717 374 1767 tamen
401 1723 508 1791 quum
529 1695 794 1789 Elaphebolione
822 1696 960 1764 demum
981 1717 1107 1786 mense,
1130 1703 1187 1771 01.

146 1805 235 1888 CVI,
258 1807 278 1874 3
301 1803 575 1897 agendaessent,
598 1799 727 1866 duobus
755 1800 825 1867 fere
853 1804 948 1869 annis
978 1801 1064 1871 faeta
1092 1799 1201 1876 coro-'

143 1894 235 1976 nati0
265 1899 349 1975 esset
373 1925 574 2000 postquam
597 1903 818 1983 Charidemus
841 1920 874 1971 et
894 1907 1062 1975 Diotimns
1086 1910 1128 1979 de
1148 1937 1186 1979 re

142 2011 282 2105 publica
302 2012 389 2088 bene
411 2025 612 2076 meruerant.
658 2008 773 2099 Itaque
794 2033 838 2075 ne
866 2007 990 2078 diutius
1004 2011 1113 2082 honos
1135 2019 1181 2083 eis

100 2155 103 2159 ·
143 2117 356 2198 detineatur,
381 2114 588 2195 decermitur,
611 2129 648 2178 nt
671 2136 774 2205 quum
801 2115 951 2206 primum
975 2141 1096 2185 munus
1122 2117 1180 2185 de-

142 2222 339 2314 posuissent,
362 2219 561 2285 instantibus
584 2217 715 2308 Magnis
738 2218 992 2302 Panathenaeis,
1023 2247 1115 2318 quae,
1128 2224 1182 2290 in.

142 2327 312 2418 sequentis
334 2326 426 2406 anni,
450 2316 506 2390 01.
521 2322 610 2404 CVI,
633 2321 963 2403 3,Hecatomhaeone
985 2319 1186 2394 'celebranda

143 2449 249 2513 erant,
271 2452 415 2500 coronae
436 2427 643 2521 praedicatio
675 2427 742 2493 fiat.
785 2428 831 2495 At
852 2430 890 2493 in
921 2430 1056 2520 Magnis
1078 2433 1184 2499 Pana-

141 2536 306 2618 thenaeis,
328 2536 389 2601 etsi
417 2558 454 2600 ea
477 2532 706 2625 gravissimum
728 2548 837 2598 essent
856 2530 977 2600 festum
1003 2535 1184 2619 urbanum,

144 2659 255 2715 tamen
276 2662 346 2705 non
376 2636 561 2702 edebantur
588 2634 737 2718 fabulae,
771 2635 830 2703 sed
859 2639 1056 2728 gymnicum
1082 2641 1183 2711 modo

141 2760 320 2821 certamen,
342 2763 413 2807 non
435 2740 622 2808 confluebat
633 2740 773 2806 Graecia
793 2739 950 2809 Indorum
971 2742 1185 2813 theatralium
1206 2789 1208 2793 ,

142 2870 253 2929 carisa,
282 2845 320 2912 id
352 2843 446 2937 quod
474 2831 577 2910 fiebat
603 2834 641 2909 in
670 2845 840 2935 Dionysiis
869 2847 1021 2928 urbanis,
1060 2851 1182 2941 quibus

140 2953 221 3018 novi
255 2941 405 3042 tragoedi
431 2950 468 3015 in
494 2938 626 3015 seenam
657 2946 849 3040 prodibant.
898 2950 949 3017 Ne
981 2953 1086 3044 igitur
1113 2979 1183 3021 ma-

139 3056 260 3123 turiori
283 3076 425 3123 coronae
447 3052 696 3147 praedicatione
716 3053 823 3120 honos
846 3055 1097 3147 quodammodo
1119 3059 1183 3124 mi-

138 3177 317 3240 nueretur,
348 3161 513 3251 Dionysia
542 3159 642 3225 etiam
669 3159 707 3224 in
736 3157 869 3225 decreto
896 3158 1079 3228 adduntur.
1133 3163 1183 3228 Ita

140 3263 190 3344 iit,
212 3280 251 3328 ut
272 3262 444 3330 Nausicles
472 3263 551 3331 solis
579 3264 750 3356 Dionysiis
773 3282 969 3346 coronetur,
1001 3265 1060 3332 01.
1091 3265 1181 3349 CVI,

141 3358 173 3447 a,
196 3365 416 3434 Charidemus
439 3383 474 3433 et
493 3369 660 3436 Di0timns
690 3366 747 3434 01.
778 3366 916 3449 cV1‚3
948 3385 1123 3461 tamqnam
1145 3372 1182 3436 in

34 3498 36 3502 ·
139 3485 347 3539 antecessum
372 3472 612 3538 Panathenaeis
642 3473 791 3564 primum
824 3472 976 3563 Magnis,
1003 3473 1183 3542 Hecatom-

138 3575 266 3643 haeoue
289 3575 435 3668 agendis,
459 3575 591 3658 deinde,
614 3575 652 3641 id
674 3575 767 3668 quod
788 3575 925 3643 honoris
947 3583 1079 3645 summa
1101 3599 1181 3661 erat,

97 3736 101 3752 ,
138 3679 311 3771 Dionysiis
340 3680 569 3749 Panathenaea
601 3681 726 3774 Magna
761 3677 1029 3774 Elaphebolione
1064 3709 1182 3752 mense
1213 3675 1214 3678 ¹

139 3783 365 3876 sequentibus.
377 3783 409 3872 *)

181 4080 208 4170 ')
229 4083 300 4151 Iade
321 4085 456 4148 illustrari
485 4085 570 4147 etiam
590 4085 721 4166 videtur,
749 4107 801 4148 eur
834 4083 997 4149 decretum
1013 4085 1052 4148 de
1074 4089 1178 4153 Nausi-
