2594 4672
607 276 719 348 329

122 450 253 517 sthenes
283 443 386 512 refert
412 473 445 513 π.
475 469 614 533 noeane
645 469 681 536 p.
709 444 782 514 380.
840 440 966 527 Quid
956 407 1059 532 igitur
1085 441 1156 507 veri

123 569 172 619 est
193 525 353 630 similius,
384 573 502 641 pram,
539 572 645 639 quum
676 571 713 613 ex
739 547 871 614 decreto
901 544 961 614 illo
984 541 1157 636 Philippus

123 656 165 722 ad
188 644 399 745 exsequenda
425 652 750 743 Amphictyonum
739 675 826 716 tussa
856 651 1015 717 exercitus
1043 672 1157 714 rursus

121 773 286 838 moveret,
316 752 673 825 Athenienses‘denuo
697 751 909 821 Callisthenis
935 750 1021 819 illud
1044 751 1159 818 decre-

123 879 195 930 tum
216 883 383 928 revocasse
405 878 462 927 eut
484 857 708 952 quodminus
735 855 788 924 illi
821 858 1084 950 obtemperatum
1106 858 1158 938 sit,

96 985 98 990 “
123 964 268 1030 severius
290 961 475 1047 edixisse*)‚
499 963 628 1028 omissis
657 976 768 1027 tamen
794 961 854 1040 iis,
884 984 969 1050 quae
990 958 1033 1026 de
1054 961 1161 1026 Hera-

124 1065 219 1147 cleis‚
247 1067 327 1131 item
357 1086 441 1155 quae
475 1062 518 1128 de
552 1064 688 1145 Piraeeo
724 1061 934 1155 castellisque
967 1056 1159 1129 muniendis
1218 1096 1220 1099 v

125 1187 221 1238 antea
249 1167 334 1233 dicta
357 1183 467 1245 erant,
497 1183 691 1255 propterea,
720 1164 812 1258 quod
837 1166 919 1233 haee
947 1156 1077 1233 mnnita
1106 1168 1160 1233 in-

124 1275 224 1341 terim
247 1269 373 1336 essenti
419 1269 517 1334 Certe
539 1267 690 1334 adhunc
712 1270 910 1334 sententiam
929 1272 1054 1362 optime
1077 1290 1160 1363 qua-

80 1456 82 1463 *
125 1376 202 1443 dr'et
221 1375 344 1440 mensis
367 1369 494 1438 decreti
516 1372 764 1453 Maemncterio,
791 1373 819 1437 si
843 1370 980 1464 quidem
1002 1376 1166 1442 conlinuo'

124 1496 202 1573 post
223 1494 456 1568 occupatama
484 1474 644 1567 Philippo
674 1474 872 1554 Phocidem,
902 1477 1021 1568 primis
1048 1478 1161 1578 itaque
1213 1545 1215 1549 ,

125 1582 296 1650 mensibus
320 1579 375 1647 01
399 1580 523 1660 CVIII,
546 1582 565 1647 3
587 1579 768 1647 conc1hum
779 1579 1067 1678 Amphictyonum
1081 1603 1161 1648 con-

125 1702 271 1756 venerat.
315 1685 402 1762 Nam
429 1682 552 1779 deinde
583 1685 683 1752 etium
712 1677 756 1749 ad
782 1672 913 1750 bellum
937 1683 1159 1751 Athenienses
1210 1692 1215 1698 '

125 1791 227 1858 fuisse
249 1791 459 1881 compositos,
481 1789 586 1855 οιιιιίο
606 1787 649 1853 de
670 1811 752 1879 paee
774 1804 919 1868 testatur,
943 1806 1081 1858 exeunte
1104 1787 1248 1875 01„

127 1894 251 1977 CVIII,
275 1895 305 1974 3,
328 1890 542 1978 hauddubie
564 1909 639 1958 ente
662 1891 790 1984 Pythia,
812 1893 932 1974 hahita,
956 1918 1061 1985 quum
1081 1893 1162 1959 Phi-

125 1997 215 2091 lippi
238 1996 541 2089 Thessalorumque
563 1995 662 2089 legati
689 1996 837 2063 Athenas
858 1997 1077 2080 advenerant,
1100 2022 1162 2091 po·
1242 2021 1248 2033 '

127 2103 296 2185 stulaturi,
336 2119 375 2167 ut
404 2101 623 2168 Athenienses
656 2097 827 2167 decretum
863 2101 906 2168 de
935 2102 1135 2197 Philippo
1124 2128 1162 2168 ιιι

127 2204 392 2298 Amphictyones
413 2201 609 2296 recipiendo
631 2226 691 2268 sua
717 2227 851 2301 quoqne
875 2201 1043 2274 sententie
1072 2229 1163 2274 com·

128 2315 318 2402 probarent.
364 2308 405 2373 In
434 2304 492 2372 illa
527 2307 618 2372 enim
655 2297 894 2373 Demosthenes
929 2309 1162 2392 Athenienses,

128 2420 168 2480 ut
199 2435 243 2478 ne
269 2413 339 2500 περὶ
367 2417 424 2497 τῆς
451 2411 483 2476 ἓν
496 2413 641 2498 Δελφοῖς
661 2415 749 2487 σκιᾶς
774 2407 945 2493 bellum,
940 2411 1039 2504 quod
1067 2438 1164 2504 greve

130 2518 177 2584 eis
205 2535 239 2583 et
264 2513 490 2607 periculosum
521 2516 565 2581 sit
588 2514 753 2596 futurum,
784 2537 915 2581 movere
947 2513 1067 2596 velint,
1105 2518 1164 2584 de-

128 2621 292 2690 hortatur.
338 2619 493 2711 Denique
514 2636 591 2710 post
621 2643 673 2685 res
694 2619 731 2684 in
736 2616 898 2686 Phocide
921 2619 1086 2687 confectas
1112 2645 1164 2688 se-

130 2727 305 2799 curitatem
327 2723 583 2816 Atheniensium
605 2723 734 2815 saepius
756 2722 854 2790 simili
876 2724 975 2793 modo
998 2725 1164 2794 turhatam

130 2852 218 2912 esse,
247 2846 346 2922 etque
375 2828 442 2895 Ol
462 2829 589 2908 CVIII,
618 2850 637 2893 n
667 2826 858 2921 Seirophor.
892 2830 1037 2914 XXVII,
1072 2831 1164 2898 hand

130 2935 270 3005 obscure
300 2932 539 2999 Demosthenes
572 2930 715 3013 indicat,
756 2956 861 3025 quum
897 2934 1053 3001 continuo
1088 2954 1164 3028 post

130 3038 307 3106 recitatum
329 3034 542 3102 Callisthenis
571 3034 659 3100 illud
688 3035 859 3102 decretum
888 3059 934 3103 or.
962 3065 995 3103 π.
1024 3064 1163 3128 noeane.

128 3166 166 3234 p.
190 3141 253 3211 368
283 3144 334 3207 καὶ
361 3141 426 3226 μὴν
451 3139 531 3226 μετὰ
560 3145 674 3218 ταῦτα,
703 3138 763 3219 ait,
791 3137 896 3216 ὁσάκις
918 3139 996 3228 πρὸς
1016 3145 1165 3235 Πορθμῷ

130 3246 151 3333 ἢ
175 3245 254 3334 πρὸς
275 3245 438 3333 Μεγάροις
469 3241 633 3327 ἀκούοντες
658 3240 789 3326 δύναμιν
812 3246 968 3310 Φιλίππου
989 3247 1039 3311 καὶ
1061 3248 1165 3325 ξένους

132 3352 348 3438 ἐθορυβεῖσθε,
372 3348 484 3425 πάντες
505 3350 675 3414 ἐπίστασθε
700 3372 728 3412 κ.
751 3372 779 3412 τ.
802 3353 841 3428 t,
867 3350 912 3414 ita
933 3365 971 3414 ut
990 3350 1077 3416 nihil
1098 3354 1165 3418 iem

131 3455 271 3522 omnino
306 3453 426 3534 obstet,
455 3451 633 3543 quominus
669 3449 842 3516 decretum
871 3449 1123 3522 Callisthenis
1113 3482 1166 3521 ιιι-

131 3559 278 3629 siticium
313 3555 355 3628 ad
392 3555 613 3634 recentiorem
650 3552 799 3653 aliquam
834 3548 1049 3631 formidinem
1081 3559 1166 3627 refe-
1209 3554 1213 3561 ¹

130 3680 232 3732 imatus·

130 3842 442 3863 Μ

86 4027 93 4053 2
176 3977 198 4061 *)
220 3978 254 4039 ld
276 3979 378 4039 coniici
399 3979 490 4060 possit
512 4000 547 4038 ex
570 3953 664 4038 verbis
686 3949 809 4041 decreti:
838 3971 874 4052 ος
900 3977 926 4040 ‹t‘
951 3973 991 4043 liv
1010 3973 1167 4070 ἄπειθὴση

119 4126 121 4131 .
219 4086 265 4153 τοι
286 4060 470 4148 ψηφίσματι
488 4058 599 4152 τούτῳ,
624 4060 730 4146 ἔνοχος
751 4061 829 4131 ἴστω
851 4082 906 4129 etc.
