2594 4672
573 231 728 340 Q-

129 404 196 485 iam
226 401 388 485 nimirum
415 395 544 482 CVIII,
577 400 599 486 4
628 400 862 495 legationem
851 426 888 467 ιιι
901 400 1170 495 Peloponnesum

128 510 307 588 miserunt,
336 503 378 598 ad
400 507 582 573 Messenios
612 507 754 573 maxime
777 524 810 574 et
830 507 991 601 Argivos,
1015 529 1069 572 eos
1093 522 1170 571 uta

128 609 305 702 Philippi
311 612 466 694 societate
496 610 690 678 retinerent.
741 599 849 677 Huius
879 611 970 674 enim
996 600 1169 700 legationis

129 715 244 794 finem,
269 713 423 778 eventum
440 738 483 781 ac
498 732 629 807 tempus
652 716 779 807 optime
802 737 839 779 ex
862 713 977 779 eadem
989 714 1086 779 Dem.
1109 737 1156 781 or.
1149 761 1170 794 .,

129 818 200 885 adv.
224 817 310 884 Phil.
340 817 386 898 II,
421 819 661 909 cognoscimus,
706 816 864 885 Interfuit
890 819 924 883 ei·
951 819 1022 909 ipse
1045 817 1181 893 Demo-,

128 923 271 1004 sthenes,
303 924 363 1013 qui
392 945 440 988 or.
448 919 611 1016 illiusp.
636 944 694 1012 70:
724 926 825 988 καίτοι
846 923 1047 1020 σωφρονοῦσί
1064 946 1098 1007 ys
1119 923 1170 986 καὶ
1243 1006 1245 1009 ¹

126 1029 276 1114 μετρίως,
296 1029 351 1106 ait,
374 1030 487 1113 ἐναργῆ
509 1027 774 1116 παραδείγματ’
763 1028 846 1094 ἔστιν
868 1023 998 1126 iring*
978 1053 999 1090 α
1020 1026 1070 1089 και
1092 1024 1171 1112 πρὸς
1195 1062 1202 1073 =

126 1132 330 1216 Μεσσηνίους
351 1131 402 1195 καὶ
424 1129 503 1216 πρὸς
527 1131 723 1218 Ἀργείους’
713 1132 814 1216 ἔμοιγ’
829 1133 923 1196 εἰπεῖν
936 1118 1073 1214 ιιονὲβη,
1096 1129 1171 1211 βὲλ-
1245 1190 1248 1195 ,

128 1234 284 1300 τιονὸ”’
267 1259 342 1309 ισας
362 1236 413 1306 καὶ
443 1234 522 1320 πρὸς
548 1232 634 1319 τιμᾶς
655 1235 738 1301 ἐστιν
759 1238 915 1320 εἰρῆσθαι.
959 1232 1005 1298 Ει
1029 1256 1172 1323 sequen·
1249 1277 1251 1280 -

125 1337 218 1414 ,tibus
240 1336 367 1422 verbis,
394 1360 479 1430 quae
510 1336 554 1401 ad
566 1337 713 1429 “Argivos
741 1355 774 1403 et
795 1337 979 1402 Messenios
1000 1334 1114 1401 fecisse
1137 1360 1170 1401 se

129 1440 371 1508 Demosthenes
392 1430 501 1520 tradit,
523 1443 700 1534 perspicue
723 1441 879 1533 cognosci
901 1434 1020 1532 potest,
1044 1441 1104 1530 qui
1124 1438 1171 1503 le-

129 1546 279 1636 gationis
292 1540 392 1610 illins
403 1543 505 1611 fuerit
527 1545 622 1629 finis3
653 1544 744 1611 idem
773 1543 933 1610 scilicet
924 1568 958 1609 1s
973 1541 1047 1622 luit,
1071 1567 1173 1634 quem

128 1650 229 1716 modo
259 1647 490 1714 indicavimus.
543 1643 640 1714 Inde
656 1671 734 1715 vero
765 1647 864 1713 facile
894 1648 1062 1766 quispiam
1093 1670 1172 1714 con·
1260 1693 1261 1698 ι

129 1752 282 1836 cluserit,
312 1752 523 1846 legationem
542 1754 630 1819 hanc
653 1737 794 1825 eandem
816 1775 901 1840 esse,
932 1752 1026 1818 cuius
1049 1751 1173 1817 Demo-

79 1936 82 1944 ,
127 1859 258 1926 sthenes
288 1882 336 1927 or.
365 1856 407 1923 de
437 1881 505 1925 cor.
533 1855 556 1923 l.
589 1879 617 1951 c.
648 1857 854 1925 mentionem
882 1854 970 1922 lacit.
1022 1855 1075 1920 De
1104 1878 1173 1953 quo
1215 1848 1218 1858 ⁸

127 1981 237 2030 tamen
260 1961 419 2055 equidem
436 1960 565 2028 dubito.
611 1959 697 2026 Nam
711 1959 952 2043 Demosthenes
975 1956 1035 2026 illo
1059 1981 1105 2027 or.
1129 1958 1172 2024 de

127 2090 196 2134 cor.
219 2067 294 2148 loco
318 2083 432 2158 aperte
455 2068 569 2134 omnia
598 2089 635 2131 ea
657 2083 826 2144 recenset,
858 2088 945 2158 quae
968 2087 1027 2130 suo
1049 2080 1172 2150 conatu
1213 2058 1237 2116 ’-

126 2169 170 2236 ad
199 2168 423 2237 coercendum
454 2169 646 2261 Philippi
636 2170 818 2288 rmperium
848 2194 867 2233 ιι
893 2192 930 2233 1e
958 2137 1129 2260 publica
1119 2193 1181 2234 ιιι--

120 2291 224 2367 ¹cepta
256 2276 324 2338 sint
357 2275 457 2364 eique
484 2270 626 2338 feliciter
659 2273 829 2338 cesserint.
875 2269 966 2336 Illius
989 2290 1100 2339 tamen
1123 2273 1172 2338 le-

122 2379 312 2468 gati0nis
292 2399 357 2442 nec
377 2374 456 2441 felix
478 2373 560 2441 adeo
582 2399 694 2466 neque
717 2375 822 2466 gravis
845 2371 946 2439 fuisse
965 2374 1152 2441 effectus
1122 2401 1171 2442 vr-

127 2479 234 2565 detur.
281 2481 494 2571 Quamquam
517 2479 608 2544 enim
630 2477 742 2543 audita
764 2496 835 2544 tum
849 2464 1083 2544 Demosthenis
1098 2502 1171 2546 ora-

96 2584 99 2589 ’
126 2586 220 2652 tione
241 2585 357 2674 Argivi
380 2572 618 2674 Messeniique,
644 2607 728 2673 quae
750 2583 913 2664 suasisset,
930 2580 1116 2671 laudarunt
1139 2601 1171 2648 et

124 2689 383 2781 approbarunt,
401 2687 623 2754 nihilominus
646 2703 757 2752 tamen
784 2686 954 2783 promissis
982 2665 1090 2767 allecti
1114 2687 1171 2751 ab·

119 2796 273 2881 *stinuere
288 2816 306 2884 a
320 2791 473 2884 Philippi
487 2793 657 2858 societate:
681 2793 766 2857 ταῦτ’
779 2789 966 2868 ἀκούσαντες
980 2795 1096 2873 ἕκιῖνοι,
1120 2794 1171 2857 καὶ

123 2903 345 2984 θορυβοῦντες,
361 2893 414 2973 ’ὡς
436 2896 544 2983 ὀρθῶς
565 2897 683 2986 λέγεται
693 2947 704 2977 ,
735 2898 786 2961 καὶ
813 2884 949 2981 πολλοὺς
970 2894 1095 2982 ἑτέρους
1116 2893 1171 2959 λό-

114 3027 199 3087 ,γονς
233 3000 320 3088 παρὰ
348 3007 412 3067 τῶν
440 3000 603 3088 πρέσβεων
631 3002 682 3065 καὶ
703 2986 866 3094 ’παρόντος
897 3002 973 3081 ἐμοῦ
999 3000 1050 3063 καὶ
1079 2997 1171 3064 πάλιν

122 3105 271 3193 ὕστερον,
288 3102 346 3190 ,ὥς
369 3103 478 3185 ἔοικεν,
511 3102 600 3171 οὐδὲν
620 3110 741 3187 μᾶλλον
763 3093 996 3186 ἀποσχήσονται
1029 3107 1086 3186 τῆς
1109 3103 1170 3167 tna-

123 3211 239 3296 λίιαιον
262 3211 382 3296 φιλίας,
413 3207 479 3273 οὐδ’
508 3199 552 3273 ὧν
581 3209 806 3294 ἐπαγγέλλεται.
852 3204 942 3270 llaec
972 3204 1195 3273 Demosthe.

123 3335 185 3378 nes
215 3311 354 3405 Olymp.
375 3309 482 3402 CIX,
509 3334 520 3375 1
556 3310 592 3377 in
615 3332 662 3376 or.
695 3306 767 3375 adv.
789 3307 874 3375 Phil.
898 3309 948 3393 II,¹
971 3334 1079 3402 ¹quam
1103 3309 1171 3376 'has
1230 3311 1233 3316 ’

111 3401 237 3487 fouisse
258 3415 365 3483 fertur
388 3439 501 3482 coram
523 3411 640 3505 legatis
654 3413 856 3504 Argivorum
878 3429 911 3480 et
923 3402 1170 3481 Messeniorum

124 3543 165 3587 eo
189 3517 329 3588 consilio
353 3520 476 3599 missis,
504 3535 543 3584 ut
568 3517 804 3598 Athenienses,
833 3514 914 3586 licet
941 3541 1003 3610 pro
1034 3519 1109 3583 iure
1130 3516 1170 3581 li-

121 3625 317 3717 hertateque
340 3622 551 3695 certantibus
557 3619 796 3740 impedimenta
809 3621 874 3688 sibi
896 3621 1084 3721 ohvolvere,
1106 3623 1170 3687 La-

124 3728 349 3822 cedaemoniis
389 3745 520 3809 contra,
556 3727 615 3817 qui
649 3726 886 3818 Peloponnesi
902 3713 1170 3809 dominationem
1209 3718 1211 3725 ¹

124 3850 341 3925 appeterent,
389 3829 498 3900 verbis
534 3827 689 3921 factoque
728 3829 837 3898 favere
875 3822 1168 3938 conquererentur.

110 3935 276 4011 ‚Lihan
267 3959 304 4001 ιιι
327 3958 452 4028 argum.
476 3933 519 4000 ad
535 3957 581 4001 or.
594 3932 682 4000 Phil.
707 3935 749 4000 lI.
797 3934 848 4001 (ll.
874 3920 1004 4035 Comm.
1027 3959 1060 4000 n.
1085 3959 1111 4000 o.
1135 3934 1168 3999 h.

126 4067 179 4108 nr.
203 4042 233 4109 3
279 4038 370 4106 Cum
390 4037 485 4105 hac
475 4039 580 4131 igitur
607 4037 774 4131 legatione
797 4012 960 4108 conlundi
983 4031 1050 4129 non
1073 4061 1169 4130 posse
