2594 4672
571 174 863 349 Q.

133 414 250 498 ὀρθῶς,
271 407 349 475 ‘tt‘
329 438 345 475 ι
374 411 462 490 πόλις
483 411 546 496 &aa
559 408 720 480 ὑπεύθυνα
734 412 875 498 σώματα,
899 438 963 496 παρ
963 404 1036 482 ’ὧν
1054 414 1165 511 ἤμελλε

131 523 195 614 τῶι
216 515 421 598 ἀναλωμίνων
447 517 539 603 λόγον
562 512 797 602 ἀπολήψεσθαι.
842 518 887 584 Et
914 514 1056 600 decreta,
1078 543 1165 610 quae

132 609 271 685 recitare
304 621 462 687 continuo
492 619 634 686 serihim
655 620 762 700 iubet,
789 626 881 713 patet
902 608 1071 687 alterum
1061 623 1164 712 ipsius

127 722 364 796 Demosthenis
394 726 462 789 ess'e
484 722 526 790 de
549 723 699 789 creandis
723 725 875 791 tributim
896 736 1092 808 τιιχοποιοῖς,
1125 749 1165 791 ex

132 851 199 919 quo
239 826 477 893 Demosthenes
510 828 581 919 ipse
613 822 881 920 Scirophorionis
915 829 948 893 II
984 828 1037 894 vel
1068 830 1118 895 III
1146 855 1164 894 a

120 931 221 998 nibu
246 956 305 996 sua
341 934 525 1012 'moenium
543 932 674 998 curator
705 934 900 999 constitutus
932 944 995 1013 est,
1027 957 1067 998 ex
1094 955 1162 1024 quo

131 1037 231 1103 etiam
260 1033 440 1101 Aeschines
463 1034 558 1101 illem
580 1037 737 1126 temporis
765 1037 969 1103 notationem
989 1035 1163 1106 manifesto

131 1139 331 1228 desumpsit,
354 1135 495 1202 alterum
529 1155 638 1205 eutem
661 1138 884 1231 Ctesiphontis
907 1139 948 1206 de
972 1137 1163 1207 coronando
1243 1179 1247 1186 ·

129 1241 365 1319 Demosthene,
388 1257 425 1306 ut
447 1240 596 1334 utrisque
618 1266 731 1308 seeum
760 1240 885 1308 collatis
915 1242 1080 1310 iudicibus
1102 1268 1164 1336 pa-

130 1346 237 1427 tefiat,
270 1343 387 1410 ultimo
424 1345 504 1416 anni
534 1368 647 1411 mense
677 1345 937 1443 Scirophorione
968 1346 1164 1446 Demosthe·

129 1475 210 1517 nem
242 1475 260 1515 a
289 1448 377 1514 tribu
403 1471 459 1514 sua
491 1436 663 1532 τιιχοιιοιόν
695 1468 840 1516 cleatum
871 1473 957 1532 esse,
991 1467 1024 1515 et
1049 1473 1163 1515 mense

129 1557 196 1638 iam
217 1553 425 1645 insequentis
457 1553 536 1618 anni
566 1561 683 1645 quarto
707 1555 934 1646 Pyanepsione
964 1554 1163 1674 Ctesiphon-

128 1677 197 1726 tem
218 1658 390 1724 decretum
411 1655 452 1722 de
470 1656 681 1725 coronando
688 1658 912 1725 Demosthene
935 1660 1063 1723 senatui
1084 1673 1165 1778 pr'o·
1204 1675 1206 1679 “

90 1851 94 1859 ¹
126 1762 292 1855 posuisse3
321 1762 525 1851 insequentis
549 1756 654 1845 anni,
661 1761 841 1829 contendo:
885 1786 962 1826 nam
991 1764 1163 1827 moenium

127 1863 388 1945 reficiendorum
422 1890 500 1932 cura
528 1884 659 1956 praeter
688 1852 840 1932 ordinem
863 1865 1010 1985 quidem,
1035 1868 1162 1985 quippe

126 1994 189 2062 pro
212 1994 274 2035 usu
297 1985 330 2035 et
351 1970 551 2050 necessitate,
576 1969 846 2053 demandabatur,
870 1988 902 2035 et
924 1971 1067 2060 spatium
1091 1971 1161 2035 cius
1239 1993 1241 1997 ’

127 2074 257 2193 legihus
280 2090 435 2139 statutum
467 2097 536 2139 non
569 2074 677 2145 fuerit.
721 2076 876 2140 Attamen
904 2073 990 2140 ultra
1012 2097 1163 2153 annuum

127 2179 272 2268 spatium
293 2178 467 2296 prorogari
490 2201 562 2242 eam
578 2200 647 2243 non
646 2180 816 2268 potuisse,
838 2180 902 2243 nisi
922 2202 1007 2245 novo
1031 2176 1162 2242 delectu
1211 2224 1212 2228 ,
1242 2261 1244 2266 Ι

127 2281 253 2359 habito,
286 2304 325 2344 ex
354 2281 514 2346 institutis
544 2283 594 2345 rei
608 2281 776 2370 publicae
798 2281 1011 2347 Atheniensis
1043 2281 1159 2370 liquet.

125 2376 422 2451 Verumenimvero
456 2368 636 2448 Aeschines
677 2408 723 2458 or
755 2385 790 2448 in
830 2385 917 2450 Ctes.
944 2383 992 2448 l.
988 2408 1025 2449 c.
1053 2409 1159 2474 quum

126 2487 390 2579 Scirophorione
420 2487 677 2553 Demosthenem
705 2486 877 2570 τιιχοποιόν
907 2486 1029 2552 fectum
1051 2505 1160 2552 osten-

126 2591 193 2673 det,
216 2615 278 2656 nee
302 2588 591 2682 quidquamultra
626 2590 756 2672 afferat,
786 2590 848 2657 sed
867 2593 1010 2657 recitatis
1038 2589 1159 2657 solum-

98 2729 101 2735 ·
124 2694 226 2764 modo
250 2694 377 2761 duobus
401 2694 558 2774 decretis,
589 2694 820 2765 Demosthenis
848 2694 890 2761 de
913 2695 1062 2762 creandis
1084 2721 1159 2761 mu

124 2824 240 2867 rorum
263 2801 479 2882 curatoribus,
503 2797 727 2890 Ctesiphontis
756 2799 797 2865 de
821 2799 1011 2867 colonando
1034 2801 1160 2868 Demo·

125 2905 252 2985 sthene,
274 2922 457 2970 monstrare
480 2902 675 2984 contendat,
705 2921 779 2970 ante
801 2903 916 2970 relatas
937 2906 1082 2970 muneris
1104 2929 1158 2969 ra-

125 3011 233 3076 tiones
261 2987 519 3074 Demosthenem
547 3032 615 3074 esse
654 3034 672 3072 a
702 3008 916 3098 Ctesiphonte
949 3026 1155 3089 colonatum,

126 3112 164 3178 id
192 3129 279 3196 certe
310 3113 495 3201 significeue
522 3110 605 3192 vult,
641 3114 730 3176 inter
758 3130 941 3201 susceptam
976 3135 994 3174 a
1031 3112 1156 3177 Demo·

127 3217 243 3284 sthene
284 3217 454 3282 moenium
487 3215 748 3281 reficiendorum
789 3239 901 3279 curam
932 3234 965 3281 et
1007 3213 1156 3281 latuma

126 3320 343 3411 Ctesiphonte
365 3318 536 3386 decretum
557 3320 693 3396 nonnisi
714 3319 813 3383 breve
826 3330 970 3411 quatuor
990 3321 1157 3385 mensium
1181 3304 1191 3319 ³
1231 3324 1234 3330 ’

124 3427 267 3515 spatium
289 3423 409 3489 iudea
431 3423 690 3516 Scirophorione
712 3446 817 3514 usque
840 3421 882 3488 ad
894 3424 1156 3544 Pyanepsionem

124 3530 364 3606 intercessisse,
399 3552 503 3619 quum
536 3525 719 3621 differenda
739 3526 854 3593 fuisset
874 3530 1019 3619 rogatio,
1049 3527 1156 3595 donec

125 3651 265 3699 exeunte
300 3655 385 3698 anno
420 3631 694 3714 Demosthenes,
689 3618 858 3722 deposito
889 3657 1045 3715 munere,
1085 3633 1154 3696 eius

125 3738 225 3804 etiam
246 3736 387 3801 rationes
409 3733 583 3803 retulisset.
1169 3810 1171 3817 .

213 3841 329 3930 Itaque
351 3838 561 3911 Aeschines
551 3863 588 3904 ιιι
611 3839 759 3905 oratione
777 3840 1036 3907 Demosthenem
1051 3839 1159 3906 Chae·
1200 3897 1204 3900 ,

123 3942 229 4012 ronda
260 3942 419 4043 archonte
451 3967 564 4009 mense
599 3942 1157 4037 Sci1ophorione,Olympigitur

88 4030 205 4136 CX,
236 4049 256 4117 3
292 4065 368 4113 extr.
401 4046 572 4131 τιιχοιιοιόν
606 4072 674 4114 esse
714 4065 859 4116 creatum
889 4048 995 4115 docet.
1048 4049 1159 4140 Atque
