2594 4672
490 240 727 368 pm..

128 434 199 489 erat
210 418 317 488 scriha
331 440 372 486 ex
384 417 444 489 illo
464 400 598 487 decreto
609 417 843 488 Demosthenis
858 416 902 483 de
911 415 1063 486 creandis
1076 439 1168 487 moe·

125 526 225 592 nium
238 523 457 605 curatoribus,
471 547 510 589 ex
520 545 588 614 quo
597 524 670 615 ipse
680 521 941 613 Scirophorione
951 546 1064 589 mense
1078 524 1169 599 atri-

122 634 175 701 -bu
196 653 254 696 sua
268 625 388 695 electus
404 643 452 693 est
462 616 644 712 τὲνχοποιός.
681 627 728 694 Ut
739 644 851 692 tamen
871 627 1029 694 continuo
1043 623 1169 692 intelli-

127 749 209 824 gant
228 731 368 812 iudices,
389 729 514 797 factum
527 730 592 798 hoo
611 754 680 797 esse
696 727 928 822 praecedentis
952 730 1030 796 anni
1049 729 1165 797 ultimo

122 859 242 908 mense
281 853 314 903 et
347 858 416 902 uno
455 832 664 903 solummodo
697 840 780 923 ante
811 832 1044 902 Chaerondam
1080 859 1168 916 eum,

128 962 232 1034 quem
240 939 342 1008 modo
351 937 555 1020 audiverant,
566 939 638 1031 ipse
648 938 829 1005 Aeschines
842 955 918 1005 ante
929 939 1073 1005 scribam
1084 956 1169 1005 tem-

127 1068 193 1139 pus
205 1042 335 1125 definit,
358 1058 441 1109 etex
452 1041 571 1108 eodem
584 1039 725 1134 quidem
736 1040 943 1124 Chaeronda,
966 1053 1033 1134 quo
1046 1043 1169 1109 certius

122 1145 356 1239 Ctesiphontis
379 1143 478 1235 culpa
498 1140 636 1234 liqueat,
658 1144 687 1210 si
709 1144 820 1211 omnia
839 1161 989 1235 tempora
1005 1144 1049 1209 ad
1062 1167 1193 1211 unum*

101 1248 104 1253 ’
127 1246 321 1317 sintarelata
331 1246 542 1314 archonteme
561 1245 824 1336 Scirophorione
838 1263 914 1313 ante
927 1245 1170 1331 'Chaerondam

127 1354 234 1421 factus
257 1368 306 1418 est
325 1349 565 1417 Demosthenes
576 1349 757 1434 τειχοποιός,
783 1349 982 1418 Chaeronda
1002 1341 1168 1437 archonte
1238 1387 1241 1393 ·

128 1455 416 1523 Hecatomhaeone
437 1475 551 1520 mense
567 1451 715 1520 ‘theorici
738 1471 896 1546 quaestor
916 1470 1062 1536 creatus,
1083 1456 1170 1547 Pye-

129 1561 292 1651 nepsione
333 1558 433 1626 XXII
467 1555 576 1648 legem
608 1557 735 1647 rogavit
778 1556 964 1648 Ctesiphon
997 1556 1041 1624 de
1072 1580 1170 1626 eoro-

88 1691 90 1696 ·
129 1662 243 1732 nando
265 1663 508 1748 Demosthene,
537 1683 615 1752 ergo
641 1655 819 1737 ὕπώθννον
839 1659 1069 1728 coronandum
1091 1686 1170 1733 eum

128 1769 315 1862 proposuit.
358 1767 471 1857 Atque
492 1764 657 1832 sententie
677 1781 789 1832 nostra
816 1765 926 1847 stabit,
949 1766 1078 1832 etiamsi
1100 1766 1171 1838 Do-

128 1872 336 1940 mosthenem
369 1870 528 1938 archonte
558 1865 755 1936 Chaeronda
788 1857 939 1954 theorici
960 1889 1170 1963 quaestorem
1267 1942 1269 1947 ,

129 1994 277 2044 meatum
304 1976 415 2042 miuus
444 1973 656 2042 concesseris.
704 1973 840 2040 Poterat
866 1976 959 2041 enim
985 1976 1169 2056 Aeschines

94 2075 96 2080 ’
130 2082 231 2148 etiam
259 2077 368 2148 solum
399 2079 544 2171 suscepti
578 2082 752 2162 τειχοποιοῦ
789 2081 939 2146 muneris
970 2097 1100 2173 tempus
1128 2090 1170 2148 ex‘

131 2183 332 2269 Chaeronda
364 2181 522 2262 definire,
554 2182 682 2273 quippe
711 2179 803 2273 quod
831 2207 952 2250 munus
981 2183 1071 2250 illud
1099 2207 1169 2252 uno
1220 2183 1221 2186 '

131 2285 339 2355 solummodo
357 2308 485 2352 ‚mense
518 2301 594 2351 ante
624 2282 857 2351 Chaerondam
891 2305 1082 2378 susceptum
1101 2291 1169 2371 sit,

131 2391 284 2483 suhquo
306 2389 538 2482 Pyanepsione
558 2410 673 2453 mense
694 2384 759 2464 lata
786 2404 834 2455 est
853 2386 908 2454 lex
931 2388 1168 2482 Ctesiphontis.

218 2494 336 2585 Itaque
358 2497 462 2588 quum
482 2493 564 2559 haee
587 2490 687 2556 etiam
718 2513 847 2558 summa
875 2491 1171 2563 difficultaslevis-

130 2599 214 2664 sima
243 2595 375 2663 medela
403 2597 630 2688 superioribus
662 2596 783 2662 nostris
811 2595 953 2665 'calculis
968 2597 1094 2679 cedat,
1125 2606 1192 2666 ne'

128 2699 189 2767 ille
211 2698 351 2792 quidem
376 2700 553 2767 Aeschinis
582 2698 697 2767 verba:
730 2698 893 2787 ἀπηνέχθη
922 2698 943 2787 ἡ
971 2701 1052 2769 κατὰ
1077 2706 1170 2774 τοῦδε
1208 2711 1212 2718 ’

128 2810 187 2872 τοῦ
215 2807 422 2894 ψηφίσματος
449 2803 565 2894 γραφή,
592 2801 633 2889 ἣν
658 2842 702 2856 -
721 2799 799 2892 ὑπὲρ
829 2811 886 2890 τῆς
906 2808 949 2884 εἰς
965 2806 1169 2896 Ἀλέξανδρον

130 2909 285 2987 ὶνδείξεῶς
312 2935 352 2994 με
382 2907 444 2997 φῂς
464 2907 651 2995 ἀπενεγκεῖν,
683 2907 728 2976 ἔτι
752 2911 909 2975 Φιλίππου
938 2912 1074 2995 ζῶντος,ἡ
1095 2914 1169 2999 πρὶν

124 3011 329 3099 Ἀλέξανδρον
350 3014 393 3088 εἰς
413 3011 470 3096 τὴν
491 3011 591 3099 ἀρχὴν
610 3018 800 3098 καταστῆναι
806 3061 816 3092 ,
849 3010 892 3077 ad
913 3011 1170 3104 pervertendam

130 3132 280 3182 nostram
321 3113 362 3180 de
400 3114 569 3182 institutae
608 3116 746 3183 actionis
784 3130 933 3207 tempore
974 3118 1170 3208 opinionem

132 3216 319 3312 quidquam
338 3216 449 3286 valere
479 3234 628 3312 possunt.
672 3218 802 3310 Nempe
832 3219 984 3287 instituta
1010 3223 1096 3290 actio
1120 3241 1170 3292 est

129 3325 204 3391 vivo
228 3320 367 3416 quidem
389 3321 497 3390 adhuc
519 3319 697 3414 Philippo,
728 3321 789 3388 sed
809 3320 851 3387 ad
873 3322 1001 3392 iudices
1023 3325 1167 3397 deducta

127 3424 268 3494 demum
296 3445 345 3495 est
378 3426 516 3520 Olymp.
541 3426 655 3508 CXII,
689 3427 726 3508 3,
753 3425 942 3496 Alexandro
964 3431 1031 3496 iam
1052 3433 1169 3499 Asiam

131 3547 265 3599 tenente
297 3530 342 3616 (v.
364 3533 463 3621 sqq).
509 3532 597 3596 Tum
624 3531 782 3624 temporis
809 3532 1080 3622 igiturohiicere
1100 3536 1169 3602 Ae-

127 3633 241 3705 schini
269 3633 510 3707 Demosthenes
539 3651 685 3726 poterat,
718 3634 811 3728 quod
843 3635 945 3712 studii
965 3637 1169 3714 inAlexan-

131 3735 232 3804 drum
262 3737 450 3805 ostentandi
480 3761 578 3806 causa
608 3740 772 3807 actionem
799 3759 918 3834 ageret
962 3743 1009 3810 At
1028 3741 1168 3811 Aeschi-

124 3865 208 3923 nes,
242 3862 310 3933 quo
330 3843 436 3932 magis
458 3840 634 3935 explodere
663 3842 887 3913 adversarium
910 3848 1034 3941 possit,
1064 3844 1169 3915 studii

125 3947 170 4012 ,in
190 3942 419 4013 Alexandrum
440 3945 627 4036 ostentandi
649 3949 752 4037 gratia
767 3950 956 4020 institutam
969 3952 1095 4023 etiams

133 4048 254 4125 dinae
276 4047 473 4126 tasinulat
531 4051 724 4150 opprobrio
766 4066 879 4128 autem
921 4054 1087 4129 adomnia
