2594 4672
562 262 720 370 *aa*

172 496 174 501 ,
210 433 440 522 Iam-reversis
463 442 506 500 ex'
527 436 727 502 Macedonis
755 432 1011 502 Atheniensium
1039 429 1165 524 legatis,

121 562 228 632 quum
255 535 409 631 Philippi
437 562 574 632 quoque
606 539 705 632 legati
733 563 809 607 mox
838 539 962 604 urbem
990 538 1165 606 adventuri

183 674 188 685 .
254 676 259 681 .
329 670 349 711 γ’
552 661 576 699 »Ι
635 672 637 677 -
755 684 758 691 ,

643 683 650 733 t

210 873 309 954 δῆμος
331 875 373 949 εἰς
394 869 605 956 τὴνἙλλάδα
626 878 883 960 παρακαλοῦντας
904 871 962 948 τὰς
975 870 1078 947 πόλεις
1088 868 1165 958 ὖπέρ

134 982 137 1007 ³
209 965 266 1042 τῆς
286 961 469 1113 theotiscis
485 966 548 1026 τῶν
565 957 736 1044 Ἑλλήνων,
768 957 919 1041 δεδόχθαι
946 968 1014 1035 τοῖς
1040 957 1167 1042 σνμμά-

206 1070 287 1128 χοις,
311 1047 434 1112 ἐπειδάν
469 1047 685 1132 πιδημὴσιοσιν
705 1047 736 1112 οἷ
757 1047 910 1131 πρόομέις,
939 1047 990 1110 καὶ
1011 1043 1069 1121 τάς
1090 1071 1166 1131 πρε·
1222 1051 1225 1067 ’

211 1135 318 1214 σβείας
347 1133 578 1219 ἀπαγγείλωσιν
599 1145 666 1211 τοῖς
688 1135 870 1218 Ἀθηναίοις
898 1135 948 1198 καὶ
978 1131 1163 1215 συμμάχοις,

212 1220 396 1305 προγράψαι
425 1221 500 1296 τοὺς
520 1221 684 1306 πρυτάνεις
711 1223 871 1305 ἐκκλησίας
889 1219 955 1286 ’δόο
982 1217 1063 1283 κατά
1093 1217 1167 1294 τοὺς

213 1305 338 1389 νόμους,
362 1309 395 1372 ἓν
417 1309 450 1372 δὲ
471 1307 599 1384 ταόταις
618 1306 851 1388 βοολεόσασθαι
872 1309 942 1393 περὶ
963 1310 1025 1384 τῆς
1046 1305 1168 1391 εἰρήνης

212 1393 287 1470 τοὺς
303 1394 499 1480 Ἀθηναίους.
522 1421 555 1460 π.
577 1420 717 1482 παραπρ.
736 1423 769 1482 p.
794 1396 844 1460 35.
867 1400 886 1458 f.
931 1400 1092 1459 Recitatum
1113 1398 1169 1456 hoe

151 1485 154 1499 '
214 1484 362 1545 decretum
391 1509 488 1547 coram
513 1487 626 1569 populo
657 1508 720 1546 esse
748 1486 904 1547 Aeschines
930 1485 1034 1546 refert:
1064 1477 1116 1544 ὅτε
1147 1474 1168 1562 ἦ

212 1566 302 1644 πόλις
334 1568 392 1653 τὴν
417 1568 542 1655 εϊρὴνην
562 1570 712 1649 ἐποιεῖτο,
744 1573 777 1632 id
806 1587 849 1632 est
877 1594 975 1632 mense
991 1569 1170 1653 Elaphebo-

212 1660 290 1720 Iione
312 1655 353 1743 (v.
386 1661 459 1720 infra
488 1678 531 1721 m.
563 1659 612 1740 3);
644 1659 882 1743 Elaphebolionis
902 1658 1022 1734 XVIII,
1049 1678 1111 1741 quo
1142 1670 1171 1716 et

135 1787 138 1791 ›
214 1747 378 1830 insequenti
394 1747 448 1807 ‘dte
470 1747 547 1807 XIX
570 1747 608 1807 de
635 1769 708 1830 pace
730 1745 922 1806 confirmanda
943 1745 1100 1829 agebatur,
1122 1765 1171 1803 re·

214 1836 330 1894 citatum
350 1856 414 1894 esse
434 1834 611 1911 crediderit,
635 1830 690 1917 qui
712 1833 862 1894 decretum
892 1835 1054 1907 sociorum,
1087 1828 1171 1913 quod

215 1923 318 1982 Aesch.
348 1944 390 1982 or.
412 1923 442 1981 in
465 1921 544 1983 Ctes.
574 1924 675 2004 pres
702 1919 844 1996 bellent,
873 1919 952 1980 idem
980 1933 1070 2000 atque
1098 1915 1171 1976 illud

215 2029 277 2068 esse
299 2011 444 2090 opinetur.
487 2009 553 2069 Sed
567 2009 661 2068 huius·
673 2007 784 2068 decreti
804 2020 1004 2089 argumentum
1027 2003 1172 2064 diversum

217 2110 268 2154 est.
313 2096 439 2154 Suasisse
461 2097 586 2155 enimin
609 2116 647 2154 eo
665 2095 821 2158 Aeschines
837 2096 932 2154 socios
953 2092 1024 2154 dicit
1038 2093 1172 2174 primum,

211 2195 251 2240 =ut
272 2181 313 2240 de·
331 2202 402 2262 pace
424 2182 484 2240 sola
505 2183 698 2241 consultarent
719 2182 922 2254 Athenienses,
951 2194 1029 2239 tum:
1059 2171 1171 2258 προςέ-

156 2302 169 2309 --
218 2267 484 2346 γραψανμὶαροὶτ,
505 2264 538 2326 ἔν
557 2268 604 2348 τῷ
625 2261 772 2346 δόγματι,
796 2264 905 2337 ἐξεῖναι
926 2259 1173 2350 τῷβοολομίνῳ

155 2382 158 2386 ·
219 2352 283 2413 τῶν
306 2344 460 2430 Ἓλλήνων
487 2349 520 2412 ἐν
544 2349 629 2428 τρισὶ
646 2350 766 2430 μησὶν.
780 2348 822 2422 sig
848 2347 907 2431 τὴν
919 2384 923 2391 .
936 2346 1035 2430 αότὴν
1056 2344 1173 2430 στήλην

156 2470 159 2477 ·
182 2459 185 2463 “
219 2430 457 2519 ἀναγεγράφθαι
478 2434 543 2516 μετ’
560 2433 747 2518 Ἀθηναίων,
771 2435 822 2498 καὶ
838 2433 976 2516 μετέχειν
996 2438 1061 2497 τῶν
1074 2431 1174 2517 όρκων

207 2522 279 2586 ’καλ
293 2522 573 2605 τῶνσννδηκῶνξι·
608 2525 688 2585 Nihil
713 2525 802 2607 igitur
829 2524 876 2583 hic
906 2525 943 2584 de
976 2523 1174 2607 exspectandis

219 2609 440 2673 Atheniensium
461 2613 570 2694 legatis,
582 2610 662 2671 'nihil
683 2610 721 2671 de
742 2610 882 2671 habendis
910 2626 979 2694 post
1000 2631 1101 2671 eorum
1122 2610 1175 2670 ad-

208 2715 336 2760 ·ventum
358 2700 493 2775 comitiis,
523 2699 606 2782 quod
633 2701 664 2759 si
687 2720 720 2758 se
740 2719 809 2758 vera
837 2700 866 2757 in
887 2697 1008 2759 decreto
1031 2713 1176 2757 exaratum

217 2787 329 2864 IuIsset,
345 2785 519 2846 enatandum
527 2782 713 2868 hieprolecto
724 2784 885 2848 Aeschines
892 2807 950 2846 nce
961 2785 1176 2868 derelitptissct.

218 2874 320 2956 Itaque
341 2875 398 2934 hoc
417 2873 568 2934 decretum·
580 2877 730 2936 recitatum
750 2890 794 2934 est
814 2873 1052 2955 Elaphebolionis
1062 2872 1176 2949 XVIII,

184 3004 186 3009 -
219 2958 318 3039 illud,³
336 2963 361 3021 si
380 2963 564 3021 coniecturae
591 2958 676 3023 locans
703 2960 808 3037 detur,
834 2959 965 3021 eiusdem
993 2959 1098 3019 mensis
1128 2956 1176 3018 die

219 3039 384 3130 vtttsqno
406 3050 615 3109 Demosthenes
636 3047 674 3108 de
695 3049 832 3124 comitiis,
854 3045 902 3107 dis
924 3045 1028 3106 XVIII
1049 3059 1078 3105 et
1099 3043 1178 3104 XIX

200 3122 457 3218 ¹¹Elaphebolionis
477 3132 634 3210 habendis,
662 3131 812 3195 decretum
840 3135 923 3211 tulit,
951 3132 994 3192 id'
1010 3132 1095 3215 quod
1120 3133 1177 3215 ipsi

221 3223 261 3281 illi
292 3225 436 3283 sociorum
469 3222 588 3282 decreto
616 3223 773 3282 Aeschines
799 3242 843 3281 or.
871 3241 904 3282 π.
933 3232 1073 3302 παραπρ.
1100 3220 1120 3280 Ι.
1150 3241 1176 3281 c.

223 3311 361 3391 opponit,
396 3324 430 3370 nt
460 3308 535 3390 quid
562 3309 632 3368 sccii
650 3307 829 3384 iudicarint,
859 3304 935 3390 quid
961 3308 1177 3369 Demosthenes

222 3397 384 3478 pertulerit,
405 3411 603 3479 cognoscatur.
648 3394 740 3472 Quod
761 3397 786 3455 si
812 3414 935 3456 reseca
954 3397 995 3456 ita
1012 3416 1047 3456 se
1068 3395 1178 3472 habuit,

105 3554 108 3557 Ι
223 3478 335 3543 missam
371 3504 433 3543 esse
466 3483 505 3542 ad
541 3482 679 3544 Graeciae
709 3483 837 3543 civitates
870 3482 1041 3566 legationem
1074 3481 1179 3542 eodem

223 3570 448 3652 tempore‚‘qno
470 3570 557 3653 legati
579 3571 769 3631 Athenienses
789 3568 868 3652 pacis
890 3569 1082 3630 conciliandae
1096 3589 1180 3628 causa

224 3659 254 3715 in
269 3735 271 3739 7
284 3656 483 3717 Macedoniam
509 3657 648 3731 abierint,
679 3655 897 3716 concedendum
933 3658 1067 3718 Aescbini
1095 3670 1180 3716 esset.

225 3736 330 3803 Sedis
352 3747 566 3826 micoprossus
591 3743 680 3804 modo
707 3744 817 3824 legatos
848 3747 878 3803 in
901 3745 1051 3804 Graeciam
1080 3745 1181 3801 missos

119 3828 126 3836 ⁶
227 3853 289 3891 esse
310 3831 381 3888 dicit
408 3826 452 3890 'lu
484 3832 542 3890 τοῦ
560 3825 701 3908 πολέμού
728 3825 808 3910 πρὸς
831 3829 987 3892 Φιλιππον
1013 3823 1088 3908 tnta
1116 3825 1182 3889 ἓνε-

228 3910 378 3995 στηκότος
399 3941 431 3978 π.
454 3937 594 3997 παραπρ.
615 3939 647 3999 p.
671 3920 710 3979 35
734 3940 781 3995 m,
803 3935 832 3978 et
853 3917 1111 3999 παρακαλοῦντας
1132 3909 1183 3976 ἐπὶ

230 4003 385 4063 Φίλιππον
415 4006 444 4063 in
472 4005 550 4064 Ctes.
566 4020 622 4086 ,ριν
635 4009 676 4065 62
707 4005 745 4063 in.
803 4005 862 4065 lam
895 4026 963 4063 vero
992 4025 1049 4062 attia
1076 4001 1184 4085 legatia)

228 4107 294 4179 nota
322 4109 364 4149 est
397 4091 435 4151 ad
463 4092 589 4154 civitates
618 4093 735 4151 maxime
765 4092 1024 4174 Peloponnesiacae
1045 4087 1188 4159 adverset!
