<?xml version="1.0" encoding="UTF-8"?>
<!DOCTYPE html PUBLIC "-//W3C//DTD XHTML 1.0 Transitional//EN"
    "http://www.w3.org/TR/xhtml1/DTD/xhtml1-transitional.dtd">
<html xmlns="http://www.w3.org/1999/xhtml" xml:lang="en" lang="en">
 <head>
  <title>
</title>
<meta http-equiv="Content-Type" content="text/html;charset=utf-8" />
  <meta name='ocr-system' content='tesseract 3.04.00' />
  <meta name='ocr-capabilities' content='ocr_page ocr_carea ocr_par ocr_line ocrx_word'/>
</head>
<body>
  <div class='ocr_page' id='page_1' title='image "./commentariihist00wiengoog_0214.png"; bbox 0 0 2580 4680; ppageno 0'>
   <div class='ocr_carea' id='block_1_1' title="bbox 563 293 721 396">
    <p class='ocr_par' dir='ltr' id='par_1_1' title="bbox 563 293 721 396">
     <span class='ocr_line' id='line_1_1' title="bbox 563 293 721 396; baseline 0 -39"><span class='ocrx_word' id='word_1_1' title='bbox 563 293 721 396; x_wconf 62' lang='lat' dir='ltr'>-I-Q-</span> 
     </span>
    </p>
   </div>
   <div class='ocr_carea' id='block_1_2' title="bbox 118 458 1289 4193">
    <p class='ocr_par' dir='ltr' id='par_1_2' title="bbox 118 458 1289 4193">
     <span class='ocr_line' id='line_1_2' title="bbox 119 458 1163 554; baseline -0.003 -24"><span class='ocrx_word' id='word_1_2' title='bbox 119 461 381 554; x_wconf 84' lang='lat' dir='ltr'>insequentique</span> <span class='ocrx_word' id='word_1_3' title='bbox 413 459 525 527; x_wconf 82' lang='lat' dir='ltr'>statim</span> <span class='ocrx_word' id='word_1_4' title='bbox 552 484 638 526; x_wconf 90' lang='lat' dir='ltr'>anno</span> <span class='ocrx_word' id='word_1_5' title='bbox 671 458 810 552; x_wconf 89' lang='lat' dir='ltr'>Olymp.</span> <span class='ocrx_word' id='word_1_6' title='bbox 843 458 923 536; x_wconf 85' lang='lat' dir='ltr'>CX,</span> <span class='ocrx_word' id='word_1_7' title='bbox 957 482 967 524; x_wconf 89' lang='grc' dir='ltr'><strong><em>ι</em></strong></span> <span class='ocrx_word' id='word_1_8' title='bbox 1004 458 1163 527; x_wconf 82' lang='lat' dir='ltr'>archonte</span> 
     </span>
     <span class='ocr_line' id='line_1_3' title="bbox 119 561 1254 656; baseline -0.004 -22"><span class='ocrx_word' id='word_1_9' title='bbox 119 565 367 656; x_wconf 80' lang='lat' dir='ltr'>Theophrasto,</span> <span class='ocrx_word' id='word_1_10' title='bbox 390 564 610 631; x_wconf 82' lang='lat' dir='ltr'><strong>Athenienses</strong></span> <span class='ocrx_word' id='word_1_11' title='bbox 643 582 777 656; x_wconf 86' lang='lat' dir='ltr'>ruptam</span> <span class='ocrx_word' id='word_1_12' title='bbox 799 565 865 630; x_wconf 86' lang='lat' dir='ltr'>iam</span> <span class='ocrx_word' id='word_1_13' title='bbox 888 588 906 627; x_wconf 86' lang='lat' dir='ltr'>a</span> <span class='ocrx_word' id='word_1_14' title='bbox 926 561 1080 656; x_wconf 88' lang='lat' dir='ltr'>Philippo</span> <span class='ocrx_word' id='word_1_15' title='bbox 1103 588 1164 656; x_wconf 87' lang='lat' dir='ltr'>pa·</span> <span class='ocrx_word' id='word_1_16' title='bbox 1253 607 1254 610; x_wconf 58' lang='lat'><em>=</em></span> 
     </span>
     <span class='ocr_line' id='line_1_4' title="bbox 118 666 1222 762; baseline -0.003 -23"><span class='ocrx_word' id='word_1_17' title='bbox 118 695 197 739; x_wconf 87' lang='lat' dir='ltr'>cem</span> <span class='ocrx_word' id='word_1_18' title='bbox 224 668 410 735; x_wconf 87' lang='lat' dir='ltr'>decrevisse</span> <span class='ocrx_word' id='word_1_19' title='bbox 435 692 657 762; x_wconf 85' lang='lat' dir='ltr'>magnamque</span> <span class='ocrx_word' id='word_1_20' title='bbox 679 666 997 759; x_wconf 16' lang='lat' dir='ltr'>inUHellespontum</span> <span class='ocrx_word' id='word_1_21' title='bbox 1025 667 1166 744; x_wconf 81' lang='lat' dir='ltr'>classem</span> <span class='ocrx_word' id='word_1_22' title='bbox 1220 695 1222 701; x_wconf 70' lang='grc'>’</span> 
     </span>
     <span class='ocr_line' id='line_1_5' title="bbox 118 769 1166 864; baseline -0.005 -22"><span class='ocrx_word' id='word_1_23' title='bbox 118 776 251 843; x_wconf 84' lang='lat' dir='ltr'><strong>misisse</strong></span> <span class='ocrx_word' id='word_1_24' title='bbox 271 772 375 839; x_wconf 85' lang='lat' dir='ltr'>refert</span> <span class='ocrx_word' id='word_1_25' title='bbox 391 773 497 856; x_wconf 83' lang='lat' dir='ltr'>(XVI,</span> <span class='ocrx_word' id='word_1_26' title='bbox 521 774 588 863; x_wconf 81' lang='lat'>77),</span> <span class='ocrx_word' id='word_1_27' title='bbox 611 772 780 864; x_wconf 83' lang='lat' dir='ltr'>Byzantiis</span> <span class='ocrx_word' id='word_1_28' title='bbox 790 769 1028 837; x_wconf 86' lang='lat' dir='ltr'>auxiliaturam.</span> <span class='ocrx_word' id='word_1_29' title='bbox 1074 771 1166 839; x_wconf 91' lang='lat' dir='ltr'>Con-</span> 
     </span>
     <span class='ocr_line' id='line_1_6' title="bbox 122 876 1272 974; baseline -0.005 -26"><span class='ocrx_word' id='word_1_30' title='bbox 122 880 230 974; x_wconf 87' lang='lat' dir='ltr'>spirat</span> <span class='ocrx_word' id='word_1_31' title='bbox 251 879 391 969; x_wconf 84' lang='lat' dir='ltr'><strong>Dionys.</strong></span> <span class='ocrx_word' id='word_1_32' title='bbox 414 877 490 944; x_wconf 87' lang='lat' dir='ltr'>Hal.</span> <span class='ocrx_word' id='word_1_33' title='bbox 514 876 538 942; x_wconf 93' lang='lat' dir='ltr'>l.</span> <span class='ocrx_word' id='word_1_34' title='bbox 562 901 590 943; x_wconf 89' lang='lat' dir='ltr'>e.</span> <span class='ocrx_word' id='word_1_35' title='bbox 618 901 665 959; x_wconf 82' lang='grc' dir='ltr'>ιι,</span> <span class='ocrx_word' id='word_1_36' title='bbox 688 877 749 968; x_wconf 83' lang='lat' dir='ltr'>qui</span> <span class='ocrx_word' id='word_1_37' title='bbox 769 899 887 968; x_wconf 84' lang='lat' dir='ltr'>pacem</span> <span class='ocrx_word' id='word_1_38' title='bbox 903 876 1063 942; x_wconf 89' lang='lat' dir='ltr'>archonte</span> <span class='ocrx_word' id='word_1_39' title='bbox 1073 876 1166 943; x_wconf 87' lang='lat' dir='ltr'>The-</span> <span class='ocrx_word' id='word_1_40' title='bbox 1268 944 1272 951; x_wconf 78' lang='grc'><strong><em>,</em></strong></span> 
     </span>
     <span class='ocr_line' id='line_1_7' title="bbox 121 980 1167 1073; baseline -0.003 -22"><span class='ocrx_word' id='word_1_41' title='bbox 121 981 276 1052; x_wconf 89' lang='lat' dir='ltr'>mistocle</span> <span class='ocrx_word' id='word_1_42' title='bbox 299 980 372 1067; x_wconf 87' lang='lat' dir='ltr'>(Ol.</span> <span class='ocrx_word' id='word_1_43' title='bbox 398 981 522 1061; x_wconf 83' lang='lat' dir='ltr'>CVIII,</span> <span class='ocrx_word' id='word_1_44' title='bbox 546 989 578 1064; x_wconf 80' lang='lat' dir='ltr'>a)</span> <span class='ocrx_word' id='word_1_45' title='bbox 600 980 721 1046; x_wconf 89' lang='lat' dir='ltr'>factam</span> <span class='ocrx_word' id='word_1_46' title='bbox 736 1003 800 1073; x_wconf 89' lang='lat' dir='ltr'>per</span> <span class='ocrx_word' id='word_1_47' title='bbox 813 996 941 1073; x_wconf 85' lang='lat' dir='ltr'>septem</span> <span class='ocrx_word' id='word_1_48' title='bbox 955 1004 1059 1047; x_wconf 90' lang='lat' dir='ltr'>annos</span> <span class='ocrx_word' id='word_1_49' title='bbox 1070 1005 1167 1047; x_wconf 90' lang='lat' dir='ltr'>man-</span> 
     </span>
     <span class='ocr_line' id='line_1_8' title="bbox 123 1081 1269 1177; baseline -0.004 -20"><span class='ocrx_word' id='word_1_50' title='bbox 123 1090 205 1157; x_wconf 88' lang='lat' dir='ltr'>sisse</span> <span class='ocrx_word' id='word_1_51' title='bbox 235 1083 336 1153; x_wconf 85' lang='lat' dir='ltr'>tradit</span> <span class='ocrx_word' id='word_1_52' title='bbox 369 1085 411 1151; x_wconf 89' lang='lat' dir='ltr'>ad</span> <span class='ocrx_word' id='word_1_53' title='bbox 441 1085 685 1151; x_wconf 88' lang='lat' dir='ltr'><strong>Nicomachum</strong></span> <span class='ocrx_word' id='word_1_54' title='bbox 712 1109 837 1177; x_wconf 80' lang='lat' dir='ltr'>usque,</span> <span class='ocrx_word' id='word_1_55' title='bbox 866 1083 1006 1176; x_wconf 75' lang='lat' dir='ltr'>Olymp.</span> <span class='ocrx_word' id='word_1_56' title='bbox 1030 1085 1168 1172; x_wconf 63' lang='lat' dir='ltr'>clm</span> <span class='ocrx_word' id='word_1_57' title='bbox 1266 1081 1269 1086; x_wconf 69' lang='grc'><strong>’</strong></span> 
     </span>
     <span class='ocr_line' id='line_1_9' title="bbox 124 1187 1169 1284; baseline -0.001 -27"><span class='ocrx_word' id='word_1_58' title='bbox 124 1214 347 1284; x_wconf 86' lang='lat' dir='ltr'>eponymum:</span> <span class='ocrx_word' id='word_1_59' title='bbox 371 1192 418 1256; x_wconf 77' lang='grc' dir='ltr'>ἐπὶ</span> <span class='ocrx_word' id='word_1_60' title='bbox 441 1191 476 1255; x_wconf 79' lang='grc' dir='ltr'><strong><em>δέ</em></strong></span> <span class='ocrx_word' id='word_1_61' title='bbox 500 1189 723 1278; x_wconf 77' lang='grc' dir='ltr'><strong><em>Θεοφράστου,</em></strong></span> <span class='ocrx_word' id='word_1_62' title='bbox 741 1191 867 1281; x_wconf 84' lang='lat' dir='ltr'>pergit,</span> <span class='ocrx_word' id='word_1_63' title='bbox 890 1197 946 1254; x_wconf 81' lang='grc' dir='ltr'>τοῦ</span> <span class='ocrx_word' id='word_1_64' title='bbox 967 1189 1047 1282; x_wconf 72' lang='grc' dir='ltr'><strong><em>μετὰ</em></strong></span> <span class='ocrx_word' id='word_1_65' title='bbox 1068 1187 1169 1256; x_wconf 77' lang='lat' dir='ltr'>Naxo‘-</span> 
     </span>
     <span class='ocr_line' id='line_1_10' title="bbox 122 1292 1169 1384; baseline 0 -23"><span class='ocrx_word' id='word_1_66' title='bbox 122 1321 227 1380; x_wconf 87' lang='grc' dir='ltr'><strong><em>μαχον</em></strong></span> <span class='ocrx_word' id='word_1_67' title='bbox 247 1294 400 1381; x_wconf 77' lang='grc' dir='ltr'><strong><em>ἄρξαντος</em></strong></span> <span class='ocrx_word' id='word_1_68' title='bbox 421 1293 580 1378; x_wconf 81' lang='grc' dir='ltr'><strong><em>ἐλήθησαν</em></strong></span> <span class='ocrx_word' id='word_1_69' title='bbox 608 1292 657 1384; x_wconf 74' lang='grc' dir='ltr'>[αἱ</span> <span class='ocrx_word' id='word_1_70' title='bbox 687 1293 874 1384; x_wconf 85' lang='grc' dir='ltr'><strong><em>σονθήκαι],</em></strong></span> <span class='ocrx_word' id='word_1_71' title='bbox 904 1293 1083 1379; x_wconf 79' lang='grc' dir='ltr'><strong><em>Ἀθηναίων</em></strong></span> <span class='ocrx_word' id='word_1_72' title='bbox 1110 1295 1169 1379; x_wconf 82' lang='grc' dir='ltr'><strong><em>μέν</em></strong></span> 
     </span>
     <span class='ocr_line' id='line_1_11' title="bbox 127 1397 1281 1482; baseline -0.003 -15"><span class='ocrx_word' id='word_1_73' title='bbox 127 1402 287 1467; x_wconf 75' lang='grc' dir='ltr'><strong><em>Φίλιππον</em></strong></span> <span class='ocrx_word' id='word_1_74' title='bbox 316 1399 505 1481; x_wconf 74' lang='grc' dir='ltr'><em>αἰτιωμένων</em></span> <span class='ocrx_word' id='word_1_75' title='bbox 540 1397 646 1481; x_wconf 79' lang='grc' dir='ltr'><strong><em>ἄρχειν</em></strong></span> <span class='ocrx_word' id='word_1_76' title='bbox 672 1403 745 1480; x_wconf 59' lang='grc' dir='ltr'><strong><em>τοῦ,</em></strong></span> <span class='ocrx_word' id='word_1_77' title='bbox 760 1399 914 1482; x_wconf 70' lang='grc' dir='ltr'><strong><em>πολέμου,</em></strong></span> <span class='ocrx_word' id='word_1_78' title='bbox 950 1400 1107 1464; x_wconf 77' lang='grc' dir='ltr'><strong><em>Φιλίππου</em></strong></span> <span class='ocrx_word' id='word_1_79' title='bbox 1141 1401 1169 1465; x_wconf 79' lang='grc' dir='ltr'>δ’</span> <span class='ocrx_word' id='word_1_80' title='bbox 1273 1397 1281 1428; x_wconf 70' lang='lat'><em>³</em></span> 
     </span>
     <span class='ocr_line' id='line_1_12' title="bbox 120 1500 1169 1593; baseline -0.001 -24"><span class='ocrx_word' id='word_1_81' title='bbox 120 1501 304 1589; x_wconf 80' lang='grc' dir='ltr'><strong><em>Ἀθηναίοις</em></strong></span> <span class='ocrx_word' id='word_1_82' title='bbox 329 1505 538 1586; x_wconf 75' lang='grc' dir='ltr'><strong><em>ἐγκαλοῦντος.</em></strong></span> <span class='ocrx_word' id='word_1_83' title='bbox 589 1500 719 1568; x_wconf 88' lang='lat' dir='ltr'>Eodem</span> <span class='ocrx_word' id='word_1_84' title='bbox 748 1524 837 1586; x_wconf 85' lang='lat' dir='ltr'>anno</span> <span class='ocrx_word' id='word_1_85' title='bbox 865 1502 1047 1593; x_wconf 82' lang='lat' dir='ltr'>Dionysius</span> <span class='ocrx_word' id='word_1_86' title='bbox 1078 1501 1116 1591; x_wconf 89' lang='lat' dir='ltr'>(l.</span> <span class='ocrx_word' id='word_1_87' title='bbox 1139 1525 1169 1569; x_wconf 89' lang='lat' dir='ltr'>c.</span> 
     </span>
     <span class='ocr_line' id='line_1_13' title="bbox 132 1603 1171 1697; baseline 0.001 -27"><span class='ocrx_word' id='word_1_88' title='bbox 132 1612 185 1689; x_wconf 86' lang='grc' dir='ltr'>ιο)</span> <span class='ocrx_word' id='word_1_89' title='bbox 209 1606 358 1672; x_wconf 77' lang='lat' dir='ltr'>habitam</span> <span class='ocrx_word' id='word_1_90' title='bbox 391 1630 410 1669; x_wconf 88' lang='lat' dir='ltr'>a</span> <span class='ocrx_word' id='word_1_91' title='bbox 431 1603 656 1671; x_wconf 82' lang='lat' dir='ltr'>Demosthene</span> <span class='ocrx_word' id='word_1_92' title='bbox 685 1629 755 1672; x_wconf 90' lang='lat' dir='ltr'>esse</span> <span class='ocrx_word' id='word_1_93' title='bbox 781 1605 883 1684; x_wconf 85' lang='lat' dir='ltr'>refert</span> <span class='ocrx_word' id='word_1_94' title='bbox 905 1606 1090 1673; x_wconf 82' lang='lat' dir='ltr'>orationem</span> <span class='ocrx_word' id='word_1_95' title='bbox 1110 1605 1171 1697; x_wconf 46' lang='lat' dir='ltr'>ad&lt;</span> 
     </span>
     <span class='ocr_line' id='line_1_14' title="bbox 128 1707 1171 1801; baseline 0.002 -25"><span class='ocrx_word' id='word_1_96' title='bbox 128 1732 239 1776; x_wconf 82' lang='lat' dir='ltr'>versus</span> <span class='ocrx_word' id='word_1_97' title='bbox 268 1707 467 1801; x_wconf 89' lang='lat' dir='ltr'>Philippum</span> <span class='ocrx_word' id='word_1_98' title='bbox 500 1707 669 1793; x_wconf 85' lang='lat' dir='ltr'>ultimam,</span> <span class='ocrx_word' id='word_1_99' title='bbox 704 1711 798 1776; x_wconf 91' lang='lat' dir='ltr'>cuius</span> <span class='ocrx_word' id='word_1_100' title='bbox 832 1727 921 1776; x_wconf 89' lang='lat' dir='ltr'>certe</span> <span class='ocrx_word' id='word_1_101' title='bbox 959 1710 1171 1801; x_wconf 89' lang='lat' dir='ltr'>prooemium</span> 
     </span>
     <span class='ocr_line' id='line_1_15' title="bbox 130 1813 1172 1909; baseline -0.001 -27"><span class='ocrx_word' id='word_1_102' title='bbox 130 1830 232 1882; x_wconf 85' lang='lat' dir='ltr'>exstat</span> <span class='ocrx_word' id='word_1_103' title='bbox 253 1815 290 1879; x_wconf 92' lang='lat' dir='ltr'>in</span> <span class='ocrx_word' id='word_1_104' title='bbox 320 1838 356 1878; x_wconf 90' lang='lat' dir='ltr'>ea</span> <span class='ocrx_word' id='word_1_105' title='bbox 379 1814 543 1894; x_wconf 85' lang='lat' dir='ltr'>oratione,</span> <span class='ocrx_word' id='word_1_106' title='bbox 568 1838 653 1907; x_wconf 88' lang='lat' dir='ltr'>quae</span> <span class='ocrx_word' id='word_1_107' title='bbox 674 1838 766 1881; x_wconf 90' lang='lat' dir='ltr'>nunc</span> <span class='ocrx_word' id='word_1_108' title='bbox 788 1813 836 1879; x_wconf 89' lang='lat' dir='ltr'>ad</span> <span class='ocrx_word' id='word_1_109' title='bbox 860 1813 1053 1906; x_wconf 92' lang='lat' dir='ltr'>Philippi</span> <span class='ocrx_word' id='word_1_110' title='bbox 1076 1816 1172 1909; x_wconf 26' lang='lat' dir='ltr'>epi-v</span> 
     </span>
     <span class='ocr_line' id='line_1_16' title="bbox 131 1912 1247 2010; baseline 0.001 -25"><span class='ocrx_word' id='word_1_111' title='bbox 131 1912 463 2010; x_wconf 55' lang='lat' dir='ltr'>stolam&#39;inscripta</span> <span class='ocrx_word' id='word_1_112' title='bbox 491 1935 555 2004; x_wconf 83' lang='lat' dir='ltr'>est3</span> <span class='ocrx_word' id='word_1_113' title='bbox 590 1942 696 2010; x_wconf 89' lang='lat' dir='ltr'>eaque</span> <span class='ocrx_word' id='word_1_114' title='bbox 730 1920 880 1987; x_wconf 87' lang='lat' dir='ltr'>oratione</span> <span class='ocrx_word' id='word_1_115' title='bbox 908 1919 1172 1986; x_wconf 87' lang='lat' dir='ltr'>Demosthenem</span> <span class='ocrx_word' id='word_1_116' title='bbox 1246 1945 1247 1948; x_wconf 44' lang='lat'>¹</span> 
     </span>
     <span class='ocr_line' id='line_1_17' title="bbox 130 2021 1171 2118; baseline 0.003 -29"><span class='ocrx_word' id='word_1_117' title='bbox 130 2022 339 2091; x_wconf 87' lang='lat' dir='ltr'>cohortatum</span> <span class='ocrx_word' id='word_1_118' title='bbox 368 2022 589 2089; x_wconf 88' lang='lat' dir='ltr'>Athenienses</span> <span class='ocrx_word' id='word_1_119' title='bbox 623 2047 692 2089; x_wconf 88' lang='lat' dir='ltr'>esse</span> <span class='ocrx_word' id='word_1_120' title='bbox 719 2024 781 2118; x_wconf 85' lang='lat' dir='ltr'>ait,</span> <span class='ocrx_word' id='word_1_121' title='bbox 812 2040 851 2090; x_wconf 90' lang='lat' dir='ltr'>ut</span> <span class='ocrx_word' id='word_1_122' title='bbox 876 2021 1005 2089; x_wconf 90' lang='lat' dir='ltr'>bellum</span> <span class='ocrx_word' id='word_1_123' title='bbox 1035 2042 1171 2092; x_wconf 87' lang='lat' dir='ltr'>strenue</span> 
     </span>
     <span class='ocr_line' id='line_1_18' title="bbox 129 2125 1170 2222; baseline 0.005 -29"><span class='ocrx_word' id='word_1_124' title='bbox 129 2143 256 2219; x_wconf 84' lang='lat' dir='ltr'>gerant,</span> <span class='ocrx_word' id='word_1_125' title='bbox 280 2125 373 2219; x_wconf 91' lang='lat' dir='ltr'>quod</span> <span class='ocrx_word' id='word_1_126' title='bbox 394 2144 508 2219; x_wconf 86' lang='lat' dir='ltr'>aperte</span> <span class='ocrx_word' id='word_1_127' title='bbox 538 2130 605 2193; x_wconf 92' lang='lat' dir='ltr'>iam</span> <span class='ocrx_word' id='word_1_128' title='bbox 633 2151 696 2219; x_wconf 90' lang='lat' dir='ltr'>per</span> <span class='ocrx_word' id='word_1_129' title='bbox 723 2126 898 2220; x_wconf 89' lang='lat' dir='ltr'>epistolam</span> <span class='ocrx_word' id='word_1_130' title='bbox 920 2127 1100 2222; x_wconf 86' lang='lat' dir='ltr'>Philippus</span> <span class='ocrx_word' id='word_1_131' title='bbox 1123 2131 1170 2198; x_wconf 91' lang='lat' dir='ltr'>eis</span> 
     </span>
     <span class='ocr_line' id='line_1_19' title="bbox 129 2229 1171 2324; baseline 0.003 -26"><span class='ocrx_word' id='word_1_132' title='bbox 129 2231 300 2298; x_wconf 84' lang='lat' dir='ltr'>indixerit.</span> <span class='ocrx_word' id='word_1_133' title='bbox 360 2231 487 2297; x_wconf 87' lang='lat' dir='ltr'>Auctor</span> <span class='ocrx_word' id='word_1_134' title='bbox 522 2232 686 2324; x_wconf 79' lang='lat' dir='ltr'>Dionysio</span> <span class='ocrx_word' id='word_1_135' title='bbox 720 2229 940 2300; x_wconf 87' lang='lat' dir='ltr'>Philochorus</span> <span class='ocrx_word' id='word_1_136' title='bbox 976 2249 1041 2315; x_wconf 88' lang='lat' dir='ltr'>est,</span> <span class='ocrx_word' id='word_1_137' title='bbox 1079 2235 1171 2301; x_wconf 89' lang='lat' dir='ltr'>cuius</span> 
     </span>
     <span class='ocr_line' id='line_1_20' title="bbox 131 2333 1173 2428; baseline 0.004 -27"><span class='ocrx_word' id='word_1_138' title='bbox 131 2337 204 2428; x_wconf 90' lang='lat' dir='ltr'>ipsa</span> <span class='ocrx_word' id='word_1_139' title='bbox 225 2335 325 2403; x_wconf 81' lang='lat' dir='ltr'>verba</span> <span class='ocrx_word' id='word_1_140' title='bbox 357 2334 451 2401; x_wconf 84' lang='lat' dir='ltr'>affert</span> <span class='ocrx_word' id='word_1_141' title='bbox 477 2333 560 2401; x_wconf 91' lang='lat' dir='ltr'>haec</span> <span class='ocrx_word' id='word_1_142' title='bbox 593 2352 725 2401; x_wconf 85' lang='lat' dir='ltr'>esexto</span> <span class='ocrx_word' id='word_1_143' title='bbox 746 2334 895 2402; x_wconf 85' lang='lat' dir='ltr'>Atthidis</span> <span class='ocrx_word' id='word_1_144' title='bbox 923 2334 1026 2403; x_wconf 91' lang='lat' dir='ltr'>libro:</span> <span class='ocrx_word' id='word_1_145' title='bbox 1059 2339 1173 2420; x_wconf 65' lang='lat' dir='ltr'>„ett-</span> 
     </span>
     <span class='ocr_line' id='line_1_21' title="bbox 130 2437 1174 2528; baseline 0 -20"><span class='ocrx_word' id='word_1_146' title='bbox 130 2465 272 2528; x_wconf 75' lang='grc' dir='ltr'><strong><em>φραστος</em></strong></span> <span class='ocrx_word' id='word_1_147' title='bbox 287 2439 454 2516; x_wconf 77' lang='grc' dir='ltr'><strong><em>Ἀλλαιεής.</em></strong></span> <span class='ocrx_word' id='word_1_148' title='bbox 478 2443 525 2504; x_wconf 81' lang='grc' dir='ltr'>ἐπὶ</span> <span class='ocrx_word' id='word_1_149' title='bbox 542 2437 655 2506; x_wconf 71' lang='grc' dir='ltr'><strong><em>τούτου</em></strong></span> <span class='ocrx_word' id='word_1_150' title='bbox 671 2438 827 2516; x_wconf 75' lang='grc' dir='ltr'><strong><em>Φίλιππος</em></strong></span> <span class='ocrx_word' id='word_1_151' title='bbox 837 2438 873 2506; x_wconf 81' lang='grc' dir='ltr'>τὸ</span> <span class='ocrx_word' id='word_1_152' title='bbox 886 2442 944 2524; x_wconf 78' lang='grc' dir='ltr'><strong><em>μὲν</em></strong></span> <span class='ocrx_word' id='word_1_153' title='bbox 956 2447 1083 2527; x_wconf 84' lang='grc' dir='ltr'><strong><em>πρῶτον</em></strong></span> <span class='ocrx_word' id='word_1_154' title='bbox 1094 2441 1174 2508; x_wconf 75' lang='grc' dir='ltr'><strong><em>ἀνα·</em></strong></span> 
     </span>
     <span class='ocr_line' id='line_1_22' title="bbox 130 2535 1173 2634; baseline 0.001 -23"><span class='ocrx_word' id='word_1_155' title='bbox 130 2544 266 2622; x_wconf 72' lang='grc' dir='ltr'><strong><em>πλεύσας</em></strong></span> <span class='ocrx_word' id='word_1_156' title='bbox 286 2546 438 2634; x_wconf 82' lang='grc' dir='ltr'><strong><em>Περίνθῳ</em></strong></span> <span class='ocrx_word' id='word_1_157' title='bbox 460 2546 665 2631; x_wconf 80' lang='grc' dir='ltr'><strong><em>προςέβαλεν·</em></strong></span> <span class='ocrx_word' id='word_1_158' title='bbox 694 2542 861 2629; x_wconf 82' lang='grc' dir='ltr'><strong><em>ιἰποτνχών</em></strong></span> <span class='ocrx_word' id='word_1_159' title='bbox 891 2547 917 2610; x_wconf 83' lang='grc' dir='ltr'>δ’</span> <span class='ocrx_word' id='word_1_160' title='bbox 940 2535 1084 2612; x_wconf 80' lang='grc' dir='ltr'><strong><em>ἐντεῦθεν</em></strong></span> <span class='ocrx_word' id='word_1_161' title='bbox 1105 2550 1173 2612; x_wconf 85' lang='grc' dir='ltr'>Βα-</span> 
     </span>
     <span class='ocr_line' id='line_1_23' title="bbox 131 2645 1172 2737; baseline 0.005 -23"><span class='ocrx_word' id='word_1_162' title='bbox 131 2647 253 2728; x_wconf 78' lang='grc' dir='ltr'><strong><em>ζᾶντιον</em></strong></span> <span class='ocrx_word' id='word_1_163' title='bbox 282 2646 466 2734; x_wconf 80' lang='grc' dir='ltr'><strong><em>ἐπολιόρκει,</em></strong></span> <span class='ocrx_word' id='word_1_164' title='bbox 496 2651 548 2714; x_wconf 79' lang='grc' dir='ltr'>καὶ</span> <span class='ocrx_word' id='word_1_165' title='bbox 574 2645 785 2734; x_wconf 84' lang='grc' dir='ltr'><strong><em>μηχανήματα</em></strong></span> <span class='ocrx_word' id='word_1_166' title='bbox 819 2655 1009 2737; x_wconf 76' lang='grc' dir='ltr'><strong><em>προςήγεν.“</em></strong></span> <span class='ocrx_word' id='word_1_167' title='bbox 1057 2649 1172 2735; x_wconf 72' lang='grc' dir='ltr'><strong><em>ἴπειτα,</em></strong></span> 
     </span>
     <span class='ocr_line' id='line_1_24' title="bbox 132 2750 1209 2843; baseline 0.005 -26"><span class='ocrx_word' id='word_1_168' title='bbox 132 2751 227 2819; x_wconf 81' lang='lat' dir='ltr'>addit</span> <span class='ocrx_word' id='word_1_169' title='bbox 248 2752 440 2843; x_wconf 83' lang='lat' dir='ltr'>Dionysius,</span> <span class='ocrx_word' id='word_1_170' title='bbox 463 2754 629 2830; x_wconf 79' lang='grc' dir='ltr'><strong><em>διεξελθὼν</em></strong></span> <span class='ocrx_word' id='word_1_171' title='bbox 650 2754 711 2820; x_wconf 85' lang='grc' dir='ltr'>ὅσα</span> <span class='ocrx_word' id='word_1_172' title='bbox 732 2763 799 2831; x_wconf 87' lang='grc' dir='ltr'>τοῖς</span> <span class='ocrx_word' id='word_1_173' title='bbox 815 2751 997 2838; x_wconf 79' lang='grc' dir='ltr'><strong><em>Ἀθηναίοις</em></strong></span> <span class='ocrx_word' id='word_1_174' title='bbox 1017 2750 1035 2821; x_wconf 80' lang='grc' dir='ltr'><strong>ὅ</strong></span> <span class='ocrx_word' id='word_1_175' title='bbox 1061 2757 1176 2822; x_wconf 69' lang='lat' dir='ltr'>wlleu-</span> <span class='ocrx_word' id='word_1_176' title='bbox 1201 2775 1209 2807; x_wconf 64' lang='lat' dir='ltr'>t</span> 
     </span>
     <span class='ocr_line' id='line_1_25' title="bbox 132 2857 1176 2949; baseline 0.005 -28"><span class='ocrx_word' id='word_1_177' title='bbox 132 2882 191 2935; x_wconf 83' lang='grc' dir='ltr'><strong><em>νιος</em></strong></span> <span class='ocrx_word' id='word_1_178' title='bbox 220 2857 350 2922; x_wconf 72' lang='grc' dir='ltr'>ἐνεκάλει</span> <span class='ocrx_word' id='word_1_179' title='bbox 380 2857 432 2921; x_wconf 75' lang='grc' dir='ltr'>διὰ</span> <span class='ocrx_word' id='word_1_180' title='bbox 459 2863 516 2942; x_wconf 88' lang='grc' dir='ltr'>τής</span> <span class='ocrx_word' id='word_1_181' title='bbox 538 2861 715 2942; x_wconf 80' lang='grc' dir='ltr'><strong><em>ἐπιστολῆς,</em></strong></span> <span class='ocrx_word' id='word_1_182' title='bbox 746 2861 796 2924; x_wconf 84' lang='grc' dir='ltr'>καλ</span> <span class='ocrx_word' id='word_1_183' title='bbox 818 2861 1050 2942; x_wconf 76' lang='grc' dir='ltr'><strong><em>Δημοσθένους</em></strong></span> <span class='ocrx_word' id='word_1_184' title='bbox 1071 2883 1176 2949; x_wconf 86' lang='grc' dir='ltr'><strong><em>παροι-</em></strong></span> 
     </span>
     <span class='ocr_line' id='line_1_26' title="bbox 132 2959 1178 3051; baseline 0.002 -25"><span class='ocrx_word' id='word_1_185' title='bbox 132 2962 319 3036; x_wconf 74' lang='grc' dir='ltr'><strong><em>κολέσαντος</em></strong></span> <span class='ocrx_word' id='word_1_186' title='bbox 341 2961 454 3037; x_wconf 77' lang='grc' dir='ltr'><strong><em>αὐτοὺς</em></strong></span> <span class='ocrx_word' id='word_1_187' title='bbox 475 2959 554 3049; x_wconf 78' lang='grc' dir='ltr'><strong><em>πρὸς</em></strong></span> <span class='ocrx_word' id='word_1_188' title='bbox 574 2961 631 3025; x_wconf 85' lang='grc' dir='ltr'><strong><em>τὸν</em></strong></span> <span class='ocrx_word' id='word_1_189' title='bbox 650 2961 787 3046; x_wconf 84' lang='grc' dir='ltr'><strong><em>πόλεμον</em></strong></span> <span class='ocrx_word' id='word_1_190' title='bbox 812 2965 862 3026; x_wconf 78' lang='grc' dir='ltr'>καὶ</span> <span class='ocrx_word' id='word_1_191' title='bbox 884 2965 1076 3049; x_wconf 79' lang='grc' dir='ltr'><strong><em>ψηφίσματα</em></strong></span> <span class='ocrx_word' id='word_1_192' title='bbox 1098 2964 1178 3051; x_wconf 79' lang='grc' dir='ltr'><strong><em>γρά-</em></strong></span> 
     </span>
     <span class='ocr_line' id='line_1_27' title="bbox 134 3063 1178 3155; baseline 0.002 -24"><span class='ocrx_word' id='word_1_193' title='bbox 134 3081 264 3145; x_wconf 77' lang='grc' dir='ltr'><strong><em>ψαντος,</em></strong></span> <span class='ocrx_word' id='word_1_194' title='bbox 290 3064 517 3151; x_wconf 77' lang='grc' dir='ltr'><strong><em>ἐχειροτόνησε,</em></strong></span> <span class='ocrx_word' id='word_1_195' title='bbox 540 3063 625 3149; x_wconf 68' lang='grc' dir='ltr'><strong><em>,μὴν</em></strong></span> <span class='ocrx_word' id='word_1_196' title='bbox 649 3066 707 3149; x_wconf 85' lang='grc' dir='ltr'><strong><em>μέν</em></strong></span> <span class='ocrx_word' id='word_1_197' title='bbox 728 3064 845 3150; x_wconf 88' lang='grc' dir='ltr'><strong><em>στήλην</em></strong></span> <span class='ocrx_word' id='word_1_198' title='bbox 864 3071 1009 3129; x_wconf 80' lang='grc' dir='ltr'><strong><em>καθελεῖν</em></strong></span> <span class='ocrx_word' id='word_1_199' title='bbox 1029 3066 1087 3151; x_wconf 78' lang='grc' dir='ltr'><strong><em>τήν</em></strong></span> <span class='ocrx_word' id='word_1_200' title='bbox 1107 3071 1178 3155; x_wconf 77' lang='grc' dir='ltr'><strong><em>περὶ</em></strong></span> 
     </span>
     <span class='ocr_line' id='line_1_28' title="bbox 134 3167 1175 3255; baseline 0.005 -22"><span class='ocrx_word' id='word_1_201' title='bbox 134 3174 190 3254; x_wconf 80' lang='grc' dir='ltr'>τῆς</span> <span class='ocrx_word' id='word_1_202' title='bbox 223 3168 304 3252; x_wconf 84' lang='grc' dir='ltr'><strong><em>πρὸς</em></strong></span> <span class='ocrx_word' id='word_1_203' title='bbox 342 3171 498 3235; x_wconf 80' lang='grc' dir='ltr'><strong><em>Φιλιππον</em></strong></span> <span class='ocrx_word' id='word_1_204' title='bbox 534 3167 656 3255; x_wconf 77' lang='grc' dir='ltr'><strong><em>εἰρήνης</em></strong></span> <span class='ocrx_word' id='word_1_205' title='bbox 689 3171 740 3232; x_wconf 77' lang='grc' dir='ltr'>καὶ</span> <span class='ocrx_word' id='word_1_206' title='bbox 775 3171 955 3252; x_wconf 77' lang='grc' dir='ltr'><strong><em>συμμαχίας</em></strong></span> <span class='ocrx_word' id='word_1_207' title='bbox 993 3176 1175 3254; x_wconf 79' lang='grc' dir='ltr'><strong><em>σταθεῖσαν,</em></strong></span> 
     </span>
     <span class='ocr_line' id='line_1_29' title="bbox 135 3267 1289 3360; baseline 0.005 -23"><span class='ocrx_word' id='word_1_208' title='bbox 135 3278 210 3348; x_wconf 82' lang='grc' dir='ltr'><strong><em>ναῦς</em></strong></span> <span class='ocrx_word' id='word_1_209' title='bbox 232 3276 266 3337; x_wconf 75' lang='grc' dir='ltr'><strong><em>δέ</em></strong></span> <span class='ocrx_word' id='word_1_210' title='bbox 287 3279 442 3359; x_wconf 80' lang='grc' dir='ltr'><strong><em>πληροῦν,</em></strong></span> <span class='ocrx_word' id='word_1_211' title='bbox 475 3275 525 3338; x_wconf 80' lang='grc' dir='ltr'>καὶ</span> <span class='ocrx_word' id='word_1_212' title='bbox 547 3272 588 3337; x_wconf 81' lang='grc' dir='ltr'>τὰ</span> <span class='ocrx_word' id='word_1_213' title='bbox 610 3273 689 3337; x_wconf 79' lang='grc' dir='ltr'><strong><em>ἄλλα</em></strong></span> <span class='ocrx_word' id='word_1_214' title='bbox 711 3275 841 3359; x_wconf 78' lang='grc' dir='ltr'><strong><em>ἐνεργεῖν</em></strong></span> <span class='ocrx_word' id='word_1_215' title='bbox 862 3272 903 3338; x_wconf 76' lang='grc' dir='ltr'>τὰ</span> <span class='ocrx_word' id='word_1_216' title='bbox 923 3278 980 3337; x_wconf 82' lang='grc' dir='ltr'>τοῦ</span> <span class='ocrx_word' id='word_1_217' title='bbox 1002 3275 1178 3360; x_wconf 80' lang='grc' dir='ltr'><strong><em>πολέμοο.“</em></strong></span> <span class='ocrx_word' id='word_1_218' title='bbox 1286 3267 1289 3270; x_wconf 37' lang='grc'><strong>’</strong></span> 
     </span>
     <span class='ocr_line' id='line_1_30' title="bbox 135 3373 1179 3470; baseline 0.007 -30"><span class='ocrx_word' id='word_1_219' title='bbox 135 3373 286 3467; x_wconf 83' lang='lat' dir='ltr'>Epistola</span> <span class='ocrx_word' id='word_1_220' title='bbox 315 3376 468 3470; x_wconf 88' lang='lat' dir='ltr'>Philippi</span> <span class='ocrx_word' id='word_1_221' title='bbox 499 3394 625 3452; x_wconf 82' lang='lat' dir='ltr'>coest,</span> <span class='ocrx_word' id='word_1_222' title='bbox 657 3399 743 3468; x_wconf 88' lang='lat' dir='ltr'>quae</span> <span class='ocrx_word' id='word_1_223' title='bbox 771 3375 861 3441; x_wconf 82' lang='lat' dir='ltr'>affixa</span> <span class='ocrx_word' id='word_1_224' title='bbox 884 3393 932 3441; x_wconf 92' lang='lat' dir='ltr'>est</span> <span class='ocrx_word' id='word_1_225' title='bbox 953 3379 1086 3469; x_wconf 90' lang='lat' dir='ltr'>spuriae</span> <span class='ocrx_word' id='word_1_226' title='bbox 1108 3379 1179 3446; x_wconf 87' lang='lat' dir='ltr'>De·</span> 
     </span>
     <span class='ocr_line' id='line_1_31' title="bbox 134 3479 1249 3568; baseline 0.004 -23"><span class='ocrx_word' id='word_1_227' title='bbox 134 3479 316 3547; x_wconf 81' lang='lat' dir='ltr'>mosthenis</span> <span class='ocrx_word' id='word_1_228' title='bbox 339 3482 482 3548; x_wconf 84' lang='lat' dir='ltr'>orationi</span> <span class='ocrx_word' id='word_1_229' title='bbox 503 3480 584 3568; x_wconf 84' lang='grc' dir='ltr'><strong><em>πρὸς</em></strong></span> <span class='ocrx_word' id='word_1_230' title='bbox 608 3483 764 3546; x_wconf 79' lang='grc' dir='ltr'><strong><em>Φιλίππου</em></strong></span> <span class='ocrx_word' id='word_1_231' title='bbox 785 3480 965 3566; x_wconf 85' lang='grc' dir='ltr'><strong><em>ἐπιστολήν,</em></strong></span> <span class='ocrx_word' id='word_1_232' title='bbox 996 3501 1029 3549; x_wconf 87' lang='lat' dir='ltr'>et</span> <span class='ocrx_word' id='word_1_233' title='bbox 1050 3507 1104 3550; x_wconf 85' lang='lat' dir='ltr'>me</span> <span class='ocrx_word' id='word_1_234' title='bbox 1126 3485 1180 3551; x_wconf 87' lang='lat' dir='ltr'>iu·</span> <span class='ocrx_word' id='word_1_235' title='bbox 1247 3487 1249 3492; x_wconf 71' lang='grc'><strong>’</strong></span> 
     </span>
     <span class='ocr_line' id='line_1_32' title="bbox 137 3582 1179 3678; baseline 0.004 -29"><span class='ocrx_word' id='word_1_236' title='bbox 137 3582 211 3651; x_wconf 89' lang='lat' dir='ltr'>dice</span> <span class='ocrx_word' id='word_1_237' title='bbox 233 3608 369 3678; x_wconf 88' lang='lat' dir='ltr'>prorsus</span> <span class='ocrx_word' id='word_1_238' title='bbox 396 3587 565 3651; x_wconf 88' lang='lat' dir='ltr'>immerito</span> <span class='ocrx_word' id='word_1_239' title='bbox 593 3609 612 3650; x_wconf 89' lang='lat' dir='ltr'>a</span> <span class='ocrx_word' id='word_1_240' title='bbox 640 3585 718 3650; x_wconf 82' lang='lat' dir='ltr'>viris</span> <span class='ocrx_word' id='word_1_241' title='bbox 748 3583 854 3652; x_wconf 86' lang='lat' dir='ltr'>doctis</span> <span class='ocrx_word' id='word_1_242' title='bbox 883 3587 921 3650; x_wconf 90' lang='lat' dir='ltr'>in</span> <span class='ocrx_word' id='word_1_243' title='bbox 951 3587 1179 3678; x_wconf 88' lang='lat' dir='ltr'>suspicionem</span> 
     </span>
     <span class='ocr_line' id='line_1_33' title="bbox 136 3688 1179 3784; baseline 0.003 -30"><span class='ocrx_word' id='word_1_244' title='bbox 136 3704 283 3755; x_wconf 85' lang='lat' dir='ltr'>vocatur.</span> <span class='ocrx_word' id='word_1_245' title='bbox 338 3688 377 3754; x_wconf 91' lang='lat' dir='ltr'>In</span> <span class='ocrx_word' id='word_1_246' title='bbox 412 3712 517 3781; x_wconf 89' lang='lat' dir='ltr'>eaque</span> <span class='ocrx_word' id='word_1_247' title='bbox 532 3688 724 3784; x_wconf 23' lang='lat' dir='ltr'>&#39;Philippus</span> <span class='ocrx_word' id='word_1_248' title='bbox 759 3689 1020 3756; x_wconf 82' lang='lat' dir='ltr'>Atheniensibus</span> <span class='ocrx_word' id='word_1_249' title='bbox 1048 3690 1179 3757; x_wconf 90' lang='lat' dir='ltr'>bellum</span> 
     </span>
     <span class='ocr_line' id='line_1_34' title="bbox 136 3790 1177 3875; baseline 0.001 -17"><span class='ocrx_word' id='word_1_250' title='bbox 136 3816 172 3858; x_wconf 86' lang='lat' dir='ltr'>re</span> <span class='ocrx_word' id='word_1_251' title='bbox 193 3816 271 3859; x_wconf 86' lang='lat' dir='ltr'>vera</span> <span class='ocrx_word' id='word_1_252' title='bbox 300 3790 431 3858; x_wconf 81' lang='lat' dir='ltr'>indicit</span> <span class='ocrx_word' id='word_1_253' title='bbox 483 3793 695 3860; x_wconf 87' lang='lat' dir='ltr'>Enumeratis</span> <span class='ocrx_word' id='word_1_254' title='bbox 725 3795 817 3859; x_wconf 90' lang='lat' dir='ltr'>enim</span> <span class='ocrx_word' id='word_1_255' title='bbox 847 3794 1002 3862; x_wconf 89' lang='lat' dir='ltr'>omnibus</span> <span class='ocrx_word' id='word_1_256' title='bbox 1033 3796 1177 3875; x_wconf 91' lang='lat' dir='ltr'>iniuriis,</span> 
     </span>
     <span class='ocr_line' id='line_1_35' title="bbox 137 3895 1180 3990; baseline 0 -28"><span class='ocrx_word' id='word_1_257' title='bbox 137 3897 260 3988; x_wconf 81' lang='lat' dir='ltr'>quibus</span> <span class='ocrx_word' id='word_1_258' title='bbox 289 3896 442 3964; x_wconf 87' lang='lat' dir='ltr'>affectum</span> <span class='ocrx_word' id='word_1_259' title='bbox 469 3919 504 3962; x_wconf 84' lang='lat' dir='ltr'>se</span> <span class='ocrx_word' id='word_1_260' title='bbox 532 3895 574 3962; x_wconf 90' lang='lat' dir='ltr'>ah</span> <span class='ocrx_word' id='word_1_261' title='bbox 603 3897 864 3964; x_wconf 86' lang='lat' dir='ltr'>Atheniensibus</span> <span class='ocrx_word' id='word_1_262' title='bbox 893 3899 966 3964; x_wconf 89' lang='lat' dir='ltr'>iure</span> <span class='ocrx_word' id='word_1_263' title='bbox 990 3912 1180 3990; x_wconf 81' lang='lat' dir='ltr'>quaeratur,</span> 
     </span>
     <span class='ocr_line' id='line_1_36' title="bbox 137 3997 1180 4087; baseline -0.001 -21"><span class='ocrx_word' id='word_1_264' title='bbox 137 3999 325 4086; x_wconf 74' lang='grc' dir='ltr'><strong><em>ἐμυνοῦμαι,</em></strong></span> <span class='ocrx_word' id='word_1_265' title='bbox 356 4001 425 4082; x_wconf 83' lang='lat' dir='ltr'>ait,‘</span> <span class='ocrx_word' id='word_1_266' title='bbox 443 3997 527 4082; x_wconf 67' lang='grc' dir='ltr'><strong><em>ὑμᾶς</em></strong></span> <span class='ocrx_word' id='word_1_267' title='bbox 561 4000 642 4085; x_wconf 76' lang='grc' dir='ltr'><strong><em>μετὰ</em></strong></span> <span class='ocrx_word' id='word_1_268' title='bbox 675 4009 733 4068; x_wconf 78' lang='grc' dir='ltr'>τοῦ</span> <span class='ocrx_word' id='word_1_269' title='bbox 769 4004 902 4083; x_wconf 69' lang='grc' dir='ltr'><strong><em>δικαίου,</em></strong></span> <span class='ocrx_word' id='word_1_270' title='bbox 938 4004 987 4067; x_wconf 75' lang='grc' dir='ltr'>καλ</span> <span class='ocrx_word' id='word_1_271' title='bbox 1016 3998 1180 4087; x_wconf 79' lang='grc' dir='ltr'><strong><em>μάρτυρας</em></strong></span> 
     </span>
     <span class='ocr_line' id='line_1_37' title="bbox 138 4100 1179 4193; baseline 0.001 -24"><span class='ocrx_word' id='word_1_272' title='bbox 138 4104 212 4183; x_wconf 75' lang='grc' dir='ltr'><strong><em>τοὺς</em></strong></span> <span class='ocrx_word' id='word_1_273' title='bbox 236 4104 334 4183; x_wconf 73' lang='grc' dir='ltr'><strong><em>θεοὺς</em></strong></span> <span class='ocrx_word' id='word_1_274' title='bbox 359 4101 567 4190; x_wconf 79' lang='grc' dir='ltr'><strong><em>ποιησάμενος</em></strong></span> <span class='ocrx_word' id='word_1_275' title='bbox 588 4103 784 4192; x_wconf 76' lang='grc' dir='ltr'><strong><em>διαλήψομαι</em></strong></span> <span class='ocrx_word' id='word_1_276' title='bbox 805 4107 875 4193; x_wconf 62' lang='grc' dir='ltr'><strong><em>περὶ</em></strong></span> <span class='ocrx_word' id='word_1_277' title='bbox 901 4111 966 4170; x_wconf 80' lang='grc' dir='ltr'><strong><em>τῶν</em></strong></span> <span class='ocrx_word' id='word_1_278' title='bbox 985 4106 1059 4170; x_wconf 83' lang='grc' dir='ltr'><strong><em>καθ’</em></strong></span> <span class='ocrx_word' id='word_1_279' title='bbox 1078 4100 1179 4187; x_wconf 69' lang='grc' dir='ltr'><strong><em>ιἰμᾶςε</em></strong></span> 
     </span>
    </p>
   </div>
   <div class='ocr_carea' id='block_1_3' title="bbox 0 0 1310 4680">
    <p class='ocr_par' dir='ltr' id='par_1_3' title="bbox 0 0 1310 4680">
     <span class='ocr_line' id='line_1_38' title="bbox 0 0 1310 4680; baseline 0 0"><span class='ocrx_word' id='word_1_280' title='bbox 0 0 1310 4680; x_wconf 95' lang='lat' dir='ltr'> </span> 
     </span>
    </p>
   </div>
  </div>
 </body>
</html>
