2594 4672
631 252 809 363 Α·

100 433 102 437 ’
193 442 243 493 tos
266 447 346 507 esse,
367 423 547 492 verisimile
574 428 634 505 es't
679 422 854 518 Iidemqnc
883 447 928 495 ne
949 440 1063 546 postea
1092 424 1238 518 quidem

194 528 237 594 ad
259 529 340 595 duas
362 527 438 595 illas
458 528 602 650 pugnas·
610 526 848 596 advenerunt
871 529 933 596 His
961 531 1052 595 enim
1074 533 1237 598 commis-

192 633 236 698 sis
258 617 437 735 Philippus
458 658 558 702 novas
592 635 629 699 in
651 632 919 727 Peloponnesum
947 632 1101 756 epistolas
1130 637 1237 719 misit,

193 736 407 828 querelarum
440 755 474 805 et
495 738 755 831 opprobriorum
772 739 902 830 plenas,
926 757 964 805 ut
986 763 1026 804 ex
1047 740 1088 806 iis
1110 741 1238 833 liquet,

191 865 277 933 qnae
299 841 342 908 de
364 862 557 937 argumento
587 868 700 909 earum
721 844 962 916 Demosthenes
990 840 1134 911 dicitl.
1143 869 1182 911 c..
1197 871 1238 938 p.-

160 949 163 955 ’
189 946 263 1015 3οι.
307 949 425 1025 Postea
446 970 501 1015 eos
524 972 762 1041 approperasse
784 950 923 1043 propter
938 950 1047 1042 ipsam
1068 952 1236 1042 temporis

190 1055 376 1147 angustiam
410 1077 481 1122 non
515 1071 564 1119 est
597 1052 789 1122 verisimile.
843 1051 942 1122 Eleos
973 1063 1063 1121 certe
1094 1080 1237 1148 pugnae

189 1159 417 1254 Chaeronensi
451 1161 589 1228 omnino
619 1181 692 1229 non
725 1158 930 1242 interfuisse,
969 1161 1146 1228 Pausanias
1179 1162 1237 1229 diz.

188 1283 274 1332 serte
295 1266 399 1339 tradit
419 1266 476 1357 (V,
499 1266 542 1352 4),
567 1267 695 1359 quippe
717 1265 822 1358 quod.
829 1266 984 1343 adsersus
1008 1266 1155 1335 Graecos
1180 1268 1237 1334 di-

168 1371 310 1457 ,micare
331 1370 511 1439 noluerint.
556 1371 746 1439 EGraecis
768 1374 873 1467 igitur
900 1389 1034 1465 praeter
1053 1371 1235 1442 Thessalos
1280 1466 1284 1473 '

174 1490 220 1575 ¹¹et
251 1474 405 1559 Aetolos,
446 1472 626 1570 quos'sibi
654 1477 833 1570 Philippus
848 1492 852 1501 '
868 1497 947 1546 ante
979 1476 1234 1581 conciliaverat,

184 1579 274 1646 nulli
289 1579 339 1655 'ad
362 1581 591 1650 Chaeroneam
614 1583 655 1648 ei,
667 1583 813 1653 auxiliati
829 1583 987 1650 videntur
998 1607 1077 1651 esse.
1122 1582 1237 1650 Athe-

184 1686 320 1759 nienses
348 1704 463 1761 contra
492 1711 570 1753 cum
592 1674 761 1754 Thebanis
789 1690 996 1756 consociatos
1025 1685 1234 1758 adiuvabant

183 1790 222 1855 in
260 1791 381 1882 primis
423 1791 608 1874 Corinthii,
642 1792 807 1861 Strabone
834 1791 964 1860 testel.
993 1793 1059 1874 IX,
1093 1816 1166 1885 cap.
1198 1819 1232 1861 2.
1255 1789 1260 1795 ’

185 1912 285 1976 extr„
307 1913 342 1962 et
350 1895 565 1979 Phocenses,
589 1898 649 1988 qui
678 1898 816 1968 interim
840 1897 1066 1980 revaluerant,
1090 1915 1232 1965 auctore

181 1999 346 2066 Pausania
391 2001 455 2081 X,
479 2003 514 2084 3·
543 1991 796 2067 ·Demosthenes
839 2003 1051 2069 Euboeenses
1098 2001 1227 2084 laudat,

180 2102 350 2184 Achaeos,
380 2049 589 2188 Corinthios,
613 2105 809 2186 Thebanos,
841 2106 1070 2198 Megarenses,
1097 2107 1224 2172 Leuca-

180 2205 265 2289 dios,
289 2207 504 2302 Corcyraeos,
527 2228 547 2274 a
569 2211 690 2301 quibus
713 2211 879 2291 omnibus,
902 2235 961 2279 suo
978 2210 1087 2279 studio
1110 2209 1154 2276 ad
1170 2237 1226 2280 so-

180 2312 333 2379 cietatem
355 2314 477 2395 accitis,
499 2316 785 2381 mercenariorum
799 2315 994 2408 quindecim
1005 2315 1114 2381 millia
1137 2313 1227 2381 duo-

180 2441 248 2509 que
290 2419 443 2510 equitum
477 2419 738 2486 Atheniensibus
776 2436 964 2510 comparata
996 2419 1123 2486 fuerint
1165 2419 1225 2507 (de

180 2545 248 2589 eor.
258 2546 305 2614 p.
319 2525 418 2613 306),
442 2542 586 2615 quorum
596 2525 765 2616 proximos
788 2543 889 2609 certe,
911 2524 1071 2607 Achaeos,
1095 2523 1226 2591 Corin-

178 2625 276 2706 thios,
301 2627 512 2718 Megarenses
535 2627 578 2693 ad
597 2650 746 2719 pugnam
760 2628 1029 2696 Chaeronensem
1051 2625 1223 2695 advolasse

176 2747 436 2797 consentancum
459 2749 508 2796 est
529 2706 581 2815 (ef.
606 2754 656 2822 sq.
680 2728 818 2820 adnot..)
864 2734 1116 2818 Quamobrem
1133 2733 1223 2799 Dio-

176 2833 277 2902 dorus
308 2836 423 2922 (XVI,
451 2835 558 2928 84)
529 2834 629 2902 falso
637 2834 723 2904 solos
748 2838 926 2915 Thebanos
955 2838 999 2904 ad
1025 2839 1221 2905 societatem

175 2931 215 3005 ab
248 2940 508 3008 Atheniensibus
529 2940 682 3007 invitatos
709 2942 894 3027 contendit,
914 2942 1006 3036 quod
1028 2944 1070 3011 oh
1093 2967 1221 3033 repen-

166 3043 278 3110 tinam
289 3045 440 3140 Philippi
461 3046 717 3138 impressionem
730 3046 810 3114 alias
833 3051 978 3116 civitates
1001 3047 1221 3130 adeundile-

174 3150 256 3238 getis
292 3151 398 3217 otium
431 3149 599 3217 defecerit.
632 3149 766 3218 -Melius
795 3154 940 3220 Iustinus
962 3155 1035 3238 (IX,
1059 3155 1092 3237 3)
1119 3179 1220 3237 „mo-

166 3267 227 3317 tae
254 3253 418 3344 quaedam
440 3255 586 3349 ciuitates
608 3255 871 3337 Atheniensibus
888 3283 922 3326 se
937 3260 1093 3349 iungunt,
1117 3285 1221 3353 quas-

175 3354 385 3427 dam‘autem
406 3358 449 3426 ad
470 3360 668 3453 Philippum
690 3359 769 3430 belli
792 3364 907 3450 me'tus¹
922 3364 1056 3432 traxit.“

537 3664 848 3683 m

245 3889 338 3965 ¹Haec
366 3874 408 3949 est
438 3891 525 3951 series
553 3913 666 3968 rernm,
695 3913 769 3975 quae
801 3907 896 3974 gestae
927 3908 993 3969 sunt
1016 3890 1082 3951 inde
1105 3915 1122 3951 a
1146 3917 1215 3954 vere

171 3991 288 4078 Olymp.
313 3994 380 4072 CX,
407 4016 419 4070 ι
444 4018 539 4078 usque
561 3997 598 4057 ad
620 3997 737 4079 Olymp.
761 3996 835 4074 CX,
865 4001 882 4056 3
907 3997 1145 4081 Metagitnionem
1168 4021 1216 4058 se-

167 4097 299 4182 ptimum,
321 4099 401 4162 clade
424 4100 617 4164 Chaeronensi
639 4103 787 4185 insignem.
832 4102 864 4161 ln
894 4123 952 4183 qua
975 4094 1117 4184 quod'atl
1140 4119 1216 4163 tem-
