2594 4672
594 232 616 312 5

526 325 682 340 Μ

83 404 197 472 aetatis
225 402 362 468 historia
392 403 434 469 ad
468 403 538 470 eius
567 404 746 473 lectionem
773 405 952 472 accesserit.
1003 407 1136 474 Parum¹

84 509 174 574 enim
198 505 241 571 ad
261 505 474 574 removendas
490 505 739 600 explicandasve
755 508 812 575 has
831 492 1037 577 difficultates
1051 512 1128 576 uni·

82 609 215 682 versalia
237 608 296 676 illa
316 632 431 676 rerum
453 613 599 706 cognitio
622 611 775 704 expedit,
806 637 909 704 quam
938 616 1126 707 conscripta
1228 651 1231 655 >

83 714 126 780 de
154 713 341 805 Philippica
368 732 474 782 aetate
501 718 727 784 recentiorum
760 739 862 808 opera
897 718 1125 810 suppeditant,

82 843 170 912 quae
192 843 298 910 quum
320 841 359 885 eo
380 821 591 910 potissimum
612 819 762 903 tendant,
785 837 823 885 ut
844 823 992 889 universi
1014 845 1128 890 rerum

82 924 182 1014 spatii
203 921 308 988 facilis
329 923 529 1015 praebeatur
551 944 756 1016 conspectus,
780 924 1009 1018 factorumque
1021 951 1136 994 nexus<

82 1024 232 1093 dilucide
254 1045 467 1110 enarrentur,
496 1051 567 1095 non
587 1041 727 1120 possunt
749 1033 785 1094 in
807 1030 992 1097 minoribus
1015 1054 1127 1122 neque

60 1129 213 1222 palam,
239 1147 277 1195 ut
298 1131 343 1197 ita
366 1134 486 1212 dicam,
509 1133 734 1223 prestantibus
764 1158 836 1199 eam
864 1157 945 1225 prae
976 1158 1010 1199 se
1037 1134 1126 1200 ferre

80 1234 274 1314 sollertiam,
296 1242 407 1324 neque
430 1236 467 1300 in
489 1234 589 1302 rebus
611 1260 670 1302 suo
699 1261 834 1329 quoque
861 1253 1013 1330 tempore
1034 1235 1127 1304 ordi-

80 1337 201 1405 nandis
224 1361 297 1403 eam
328 1336 552 1430 diligentiam,
586 1363 650 1407 nec
680 1340 828 1433 denique
858 1365 931 1408 eam
959 1341 1127 1420 factorum

81 1443 236 1510 exhibere
259 1438 487 1522 constantiam,
510 1469 578 1536 qua
598 1440 750 1534 religiosa
778 1445 935 1515 orationis
964 1446 1125 1538 expositio

24 1606 28 1613 ,
79 1547 269 1640 promoveri
309 1545 517 1638 aliquatenus
554 1547 670 1638 possit.
729 1548 779 1612 Ea
819 1549 910 1615 enim
950 1565 989 1614 ut
1022 1551 1133 1639 possit,
1169 1587 1171 1592 2

34 1662 37 1666 ‘
80 1653 188 1746 probe
209 1647 360 1740 intelligi,
385 1667 418 1716 et
438 1667 739 1742 rerumgestarum
765 1653 912 1742 cognitio
938 1653 1143 1742 requiritur,

80 1755 283 1848 amplissima
316 1779 354 1821 ac
388 1750 650 1847 religiosissima,
688 1768 721 1850 et
749 1753 966 1846 chronologia
1001 1778 1127 1838 rursus,

81 1884 173 1953 quae
197 1884 266 1926 non
301 1860 337 1924 in
365 1857 584 1931 annismodo
609 1874 771 1939 versetur,
800 1855 860 1923 sed
889 1858 979 1949 ipsos
1013 1861 1126 1940 etiam,

79 1968 109 2031 si
131 1965 205 2030 fieri
226 1965 341 2055 possit,
363 1986 493 2029 menses
517 1979 549 2029 et
577 1959 648 2030 dies
677 1978 846 2028 accurrate
875 1960 1065 2054 perpendat
1092 1981 1126 2030 et

81 2069 266 2136 constituat.
312 2067 480 2159 Loquitur
502 2067 592 2132 enim
614 2082 724 2135 orator
746 2063 932 2160 derebus,
962 2085 1127 2160 quas'au-

80 2174 204 2240 ditores
227 2173 292 2262 ipsi
314 2170 421 2238 oculis
452 2170 626 2235 auribusve
647 2185 889 2262 perceperunt,
920 2186 954 2238 et
981 2193 1126 2261 quarum

80 2289 251 2340 recentem
272 2271 382 2339 adbuc
404 2273 513 2337 animo
536 2275 733 2339 memoriam
756 2290 887 2358 tenent,
916 2274 1023 2364 tangit
1054 2293 1126 2342 acta

81 2380 120 2444 in
140 2393 258 2442 senatu
277 2373 485 2468 populoque,
508 2391 671 2446 secretam
692 2375 898 2466 reipublicae
910 2375 1125 2467 administra-

80 2484 217 2560 tionem,
241 2478 434 2571 legationes,
457 2475 620 2546 eiusmodi
641 2502 693 2545 res
716 2476 809 2558 alias,
832 2475 1043 2546 audientibus
1065 2483 1126 2547 tri-

81 2604 129 2656 tas
152 2602 185 2650 et
207 2585 332 2665 obvias,
367 2583 464 2649 nobis
487 2582 622 2649 nonnisi
650 2581 756 2648 multa
785 2578 1004 2675 diligentique
1030 2582 1128 2652 volu-

80 2692 212 2756 minum
243 2685 469 2778 exploratione
506 2684 767 2779 perspiciendas.
821 2685 990 2781 Interpres
1021 2688 1132 2782 igiturt

80 2794 118 2862 id
140 2810 213 2884 agat
234 2793 365 2882 sibique
387 2806 554 2883 proponat
581 2813 714 2856 necesse
738 2807 803 2870 est,
837 2807 875 2855 ut
895 2788 1057 2861 lectorem
1079 2792 1127 2863 iu

81 2898 244 2967 audientis
273 2894 443 2989 quondam
473 2892 702 2961 conditionem
733 2893 921 2976 transferat,
958 2895 1131 2969 factorum,

81 3019 238 3095 quantam
270 3022 324 3065 res
353 2995 500 3092 postulat
532 2997 757 3088 cognitionem
780 3015 965 3089 comparet,
995 3016 1127 3093 tempo·

80 3131 185 3198 reque
208 3106 347 3172 omnino
362 3104 416 3171 ita
438 3100 626 3206 adumbret,
649 3124 766 3168 eorum
787 3117 825 3166 ut
845 3097 956 3167 vivida
985 3119 1019 3170 et
1040 3113 1133 3175 ιιιιιιμ.Ι

26 3251 29 3255 -
81 3235 182 3304 quam
202 3231 357 3303 praesens
387 3203 497 3328 imago
520 3204 662 3281 lectoris
675 3205 786 3271 animo
809 3204 1015 3298 obversetur.
1055 3209 1126 3276 De·

79 3311 308 3381 scendendum
331 3328 380 3378 est
400 3313 433 3378 ei
455 3311 492 3377 in
512 3308 794 3377 accuratissimam
815 3277 867 3375 vel
884 3332 1126 3386 earumrerum

80 3418 386 3510 investigationem,
409 3437 492 3508 quas
519 3436 634 3481 rerum
661 3405 828 3506 gestarum
860 3433 1063 3485 enarratores
1086 3417 1125 3481 in

80 3522 173 3590 tricis
193 3545 321 3642 ponere
341 3518 461 3602 solent,
483 3512 684 3612 apponenda
699 3515 798 3584 nodis
813 3517 1125 3612 chronologicarum

80 3627 313 3748 quaestionum
341 3647 460 3693 manus
491 3620 546 3692 vel
568 3623 666 3691 anxie
689 3643 845 3716 operosa,
879 3621 1036 3693 tentanda
1056 3623 1126 3688 dis-

80 3730 337 3851 crepantiarurn,
359 3731 388 3797 si
407 3727 482 3805 fieti
503 3743 632 3821 potest,
657 3723 845 3811 solutio,
820 3753 872 3795 sin
896 3728 1020 3810 minus,
1042 3725 1124 3794 illu·-

80 3836 206 3905 stratio.
