2594 4672
588 253 745 365 2¹...

76 505 78 509 ,
145 428 282 497 monem
303 424 379 494 fieri
401 423 583 495 contendit.
613 426 674 524 ¹At
694 428 732 492 iu
753 426 862 520 prima
885 427 1091 520 etiamparte
1112 450 1188 496 ora-

145 551 215 602 tor:
243 535 270 600 at
290 532 327 624 dl
345 557 394 611 τις
413 527 516 616 ὑμῶν,
546 525 727 613 aistano„
750 531 808 620 ait,
830 531 1060 618 ὃνςπαλέμητον
1090 531 1187 598 οἴεται

142 637 200 706 ’τὸν
225 639 380 704 Φίλιππον
400 633 488 718 εἶναι,
512 640 637 703 σκοπῶν
657 631 744 703 τότε
765 639 888 720 πλῆθος
909 639 966 718 τῆς
985 631 1196 726 ὑπαρχούσηςΙ
1252 707 1255 715 ,

144 739 231 830 αῧτῷ
260 737 419 824 δυνάμεως
444 739 501 804 καὶ
525 738 561 804 τὸ
595 738 637 806 τὰ
660 740 765 826 χωρία
790 736 894 805 πάντα
922 736 1111 805 ἀπολωλέναι
1144 744 1185 827 τῇ

143 842 231 910 πόλει
251 849 285 937 p.‘
302 841 361 929 41.
405 841 775 935 Praetereaepistolam
790 839 977 934 superbam,
1000 865 1101 932 quam
1115 843 1186 909 Eu·
1289 844 1291 848 ’

142 946 342 1013 boeensibus
372 947 543 1038 scripsisse
572 945 772 1041 Philippum
800 948 838 1013 in
868 944 973 1012 altera
992 944 1088 1037 parte
1110 956 1186 1012 ora·

143 1051 244 1118 tionis
265 1049 504 1117 Demosthenes
527 1048 610 1118 dicit
642 1050 690 1145 (p.
715 1051 788 1144 51),
810 1074 881 1118 non
902 1072 1006 1147 posse>
1020 1049 1087 1116 nisi
1108 1064 1185 1140 post
1219 1093 1221 1095 -

143 1153 283 1247 Olymp.
307 1153 432 1235 CVIII,
459 1176 471 1221 1
497 1156 659 1247 scriptam
681 1178 751 1222 esse
775 1155 901 1223 Iacobs.
930 1169 1051 1220 censet.
1095 1153 1184 1219 Nam

143 1258 282 1350 Olymp.
296 1256 402 1339 CVII,
425 1255 447 1343 4
461 1257 658 1349 impugnare
671 1258 870 1352 Philippum
883 1258 1056 1326 Euboeam
1070 1258 1187 1348 primo

131 1377 211 1430 'csse
228 1378 385 1429 conatum
398 1359 522 1428 statuit.
567 1361 668 1445 Quod
681 1378 792 1430 tamen
808 1361 899 1428 unde
915 1362 1043 1454 ceperit
1056 1361 1182 1442 nescio,

139 1469 206 1534 nisi
229 1490 274 1532 erv
292 1464 466 1534 Demosth.
488 1487 537 1532 or.
559 1465 598 1531 in
621 1462 707 1534 Mid.
729 1489 765 1558 p.
788 1466 984 1556 566-568,
1007 1464 1184 1531 ubiAthe·

138 1572 309 1637 niensium
330 1571 369 1635 in
390 1568 563 1637 Euboeam
592 1563 763 1660 expeditio
790 1576 1078 1649 commemoratur,
1100 1565 1183 1634 Plu-

140 1676 245 1743 tarchi
267 1671 389 1746 auxilio
412 1689 529 1740 contra
541 1671 694 1766 Philippi
710 1672 931 1739 mercenarios
943 1673 1052 1739 missa.
1086 1671 1184 1738 Hanc

137 1779 305 1847 tamenin
337 1775 476 1871 Olymp.
506 1772 587 1847 CVI
613 1800 642 1843 a.
672 1775 694 1847 3
727 1772 878 1843 incidere
904 1774 1089 1844 Boechhius
1121 1771 1184 1842 do·

123 1886 207 1952 cuit
227 1880 530 1968 (Zeitverhiiltnisse
550 1880 614 1947 der
635 1878 679 1948 D.
692 1878 731 1949 R.
754 1903 785 1972 g.
797 1876 902 1948 Meidss
919 1881 957 1948 in
969 1879 1062 1946 Actis
1075 1875 1196 1945 Anat

135 1987 470 2077 Berol.1818-19.
517 1984 569 2053 Cl.
592 1982 714 2052 Philol.
742 2007 777 2076 p.
806 1985 849 2052 82
877 1990 951 2076 etp).
995 1982 1048 2051 cf.
1079 1982 1183 2051 Coma
1218 1998 1220 2001 ·

84 2149 86 2151 .
135 2107 241 2158 ment
262 2108 366 2158 nostr.
389 2091 472 2182 Gap.
494 2088 555 2171 IV,
576 2112 630 2156 nr.
652 2088 685 2156 6.
731 2085 831 2175 Quod
858 2089 888 2155 si
910 2104 1048 2171 constat,
1069 2087 1180 2180 potuit
1288 2170 1290 2174 y

136 2193 316 2284 Philippus
330 2192 477 2284 Olymp.
504 2195 574 2259 iam
602 2191 699 2275 CVI,
731 2191 833 2278 daut
854 2191 968 2275 CVII,
1003 2215 1014 2260 1
1042 2190 1190 2272 classem¹

136 2296 394 2363 Atheniensium
422 2294 466 2361 ad
488 2287 699 2376 Geraestum,
727 2294 882 2362 Euboeae
909 2297 1180 2389 promontorium

137 2398 294 2494 spoliare,
318 2415 351 2466 et
371 2421 499 2465 sacram
511 2399 683 2464 triremem
693 2398 890 2466 Marathone
906 2397 1063 2489 diripere,
1086 2397 1179 2492 quod

133 2520 174 2573 'ut
195 2526 312 2570 recens
332 2500 458 2570 factum
479 2504 517 2569 in
533 2499 633 2568 altera
649 2518 805 2596 or.parte
822 2507 870 2594 (p.
885 2499 941 2591 49)
964 2519 1176 2570 memoratur.

223 2608 284 2675 His
300 2609 405 2698 igitur
419 2603 463 2672 de
484 2608 591 2673 causis
613 2628 807 2699 persuasum
828 2604 914 2671 mihi
932 2606 1049 2689 habco,
1074 2609 1194 2675 totam'
1218 2617 1220 2621 ’

130 2712 245 2807 potius
268 2713 452 2780 orationem
465 2726 543 2803 post
558 2704 775 2803 Olynthiacas
787 2709 1031 2783 ,Demosthenis
1053 2711 1177 2779 oratio·

130 2841 210 2899 nes,
225 2815 364 2908 Olymp.
379 2813 523 2906 cV11,14
540 2815 679 2896 habitas,
696 2813 963 2898 constituendam
979 2837 1059 2896 esse,
1081 2812 1176 2908 quod

130 2911 245 2989 innuit
273 2920 435 3012 Harpocr.
468 2945 498 2987 v.
522 2918 590 3008 ἱερὰ
610 2918 722 3012 αρίῆρη
734 2967 745 3001 ,
780 2942 883 3012 quam
915 2920 953 2986 in
986 2918 1067 2985 duas
1100 2943 1176 2986 eam
1248 2991 1251 2999 .

129 3028 295 3094 orationes
326 3024 443 3108 dirimi
476 3046 582 3117 posse.
636 3022 705 3090 Sed
731 3023 812 3088 huic
840 3046 956 3088 rursus
989 3024 1174 3089 sententiae

126 3131 240 3223 prima
261 3129 418 3197 orationis
440 3135 517 3221 pars
538 3126 675 3220 prorsus
698 3126 823 3206 obstat,
848 3148 933 3218 qnae
955 3149 1061 3219 quum
1082 3125 1175 3192 dice·-
1263 3174 1265 3177 -

93 3271 95 3274 ·
126 3235 238 3315 batur,
261 3230 452 3326 Olynthum
473 3234 702 3324 impugnatam
722 3226 862 3322 quidem
882 3230 951 3298 iam
971 3255 991 3298 a
1011 3229 1173 3324 Philippo

125 3328 280 3431 nondum
309 3356 421 3405 tantm
452 3345 598 3410 eversam
631 3357 717 3415 esse,
750 3334 834 3402 hacc
863 3335 934 3402 eius
965 3335 1065 3403 verba
1093 3360 1173 3428 per-

125 3443 243 3535 spicue
272 3440 408 3511 docent:
436 3447 538 3509 ταῦτα
563 3439 623 3526 μὲν
653 3436 741 3525 οἶμαι
758 3442 831 3517 δεῖν
859 3435 1009 3529 ὑπάρχειν
1037 3442 1086 3533 ἐπὶ
1113 3439 1174 3518 τὰς
1208 3477 1210 3481 >

125 3546 273 3634 ἐξαίφνης
293 3546 410 3624 ταύτας
437 3545 502 3612 ἀπὸ
521 3551 578 3631 τῆς
608 3545 721 3622 οἰκείας
746 3543 855 3632 χώρας
882 3543 979 3612 αὐτοῦ
1007 3545 1173 3633 στρατείας

124 3652 170 3728 εἷς
189 3648 312 3733 Πύλας)
334 3653 385 3718 καὶ
405 3646 619 3739 Χεῤῥόνησον,
643 3647 927 3731 καὶὌλανθαν,
950 3672 984 3741 p.
1008 3647 1061 3734 44.
1106 3648 1172 3715 Ita-

125 3778 194 3846 que
225 3771 297 3841 tum
324 3753 515 3846 Olynthum
540 3750 648 3845 liquet
680 3753 859 3820 amicitiam
889 3753 953 3820 sibi
984 3753 1171 3840 Athenien-

123 3859 211 3922 sium
233 3858 300 3921 iam
322 3857 525 3939 conciliasse,
549 3855 642 3949 quod
662 3854 787 3924 factum
817 3879 886 3922 esse
909 3855 1048 3949 Olymp·
1072 3854 1170 3923 CVII

122 3985 211 4027 anno
241 3961 375 4028 circiter
399 3963 511 4052 primo
539 3984 580 4026 ex
609 3961 707 4027 Dem.
738 3960 776 4026 in
812 3960 973 4029 Aristoor.
1007 3951 1180 4041 oratione,

122 4061 244 4134 eodem
272 4089 360 4134 anno
385 4064 499 4134 habita
526 4065 578 4156 (pt,
594 4053 715 4157 “656),
731 4061 890 4135 concludi
917 4061 1017 4133 facile
1045 4079 1166 4160 potest.
1211 4141 1213 4145 y
