2594 4672
523 320 526 326 .
576 174 732 344 aa.

137 415 219 475 tibus·
235 415 327 476 secuti
347 428 454 492 snmus,
475 430 726 499 rerumgestarum
748 411 821 474 ordo
848 410 1063 476 constituendus
1089 426 1184 478 esset.v

134 518 194 579 Sed
215 518 295 578 illum
317 517 433 579 decreta
463 520 630 580 confirmare
661 520 720 579 visa
741 531 807 577 sunt
829 515 889 577 duo
922 517 969 576 illa
991 515 1029 577 de
1050 517 1173 582 induciis
1241 568 1243 573 ,

132 645 164 704 p.
188 626 248 682 282
274 636 303 682 et
317 624 520 683 Demosthenis
535 622 572 682 de
595 622 802 697 foederatum
822 619 971 680 Thebanis
991 621 1118 680 ineundo
1137 644 1172 704 p.

133 730 207 803 289.
242 729 374 786 Attamen
388 727 587 809 superioribus
603 726 773 807 conscriptis
789 727 880 784 iamet
899 725 1045 793 maximam
1059 741 1173 825 partem³

132 830 216 910 prelo
238 829 375 891 subiectis
405 831 501 891 denuo
530 827 897 911 argumenti'difficultates
924 843 1103 909 reputantem
1125 851 1171 889 me
1203 864 1206 875 =
1268 888 1269 891 ,

131 948 208 994 mota
230 933 268 994 de
290 933 413 995 decretis
433 935 489 994 illis
502 934 628 1016 suspicio
651 932 792 1015 quaedam
814 933 994 992 coniecturae
1015 928 1172 1010 admonuit,

131 1037 161 1095 in
185 1060 272 1120 quam
293 1059 352 1096 non
379 1044 464 1096 nemo
493 1037 574 1096 facile
603 1036 744 1096 inciderit.
794 1037 909 1096 Etenim
939 1036 969 1094 in
999 1035 1088 1095 altero
1117 1036 1170 1095 de-
1217 1056 1218 1059 ’

132 1156 212 1200 creto
235 1140 476 1220 Amphictyonico
499 1139 536 1199 de
558 1140 696 1221 Philippo
718 1142 747 1198 in
762 1139 911 1199 Graeciam
931 1139 1076 1198 inritando
1099 1160 1185 1222 per-¹

130 1264 230 1325 peram
252 1239 376 1323 ἐαρινῆς
401 1241 460 1323 legi
481 1245 696 1317 monstravimus
722 1265 777 1324 pro
806 1236 969 1324 ὀπωρινῆς.
999 1243 1170 1335 ΙΙλοριιιιιι-

130 1348 239 1405 tionem
259 1360 352 1404 natam
374 1345 500 1427 opineris
527 1367 562 1434 ex
583 1348 718 1430 sequenti
740 1347 976 1423 Anthesterione,
999 1348 1051 1429 qui
1069 1341 1169 1429 χρό-
1197 1391 1199 1394 -
1280 1388 1286 1404 ,

130 1470 226 1521 νονς
247 1449 392 1532 designat,
419 1463 550 1530 tempora
578 1449 683 1531 prioris
712 1451 940 1531 posteriorisque
963 1448 1086 1526 decreti,
1116 1450 1169 1510 scd

131 1553 215 1636 quod
236 1554 331 1613 multis
360 1553 478 1630 accidit,
507 1553 588 1618 facile
615 1554 721 1635 potuit·
738 1551 776 1611 ad
802 1540 922 1611 alterum
953 1552 1025 1611 illud
1046 1554 1168 1636 Amphi-

130 1672 265 1738 ctyonum
298 1657 447 1717 decretum
481 1656 592 1717 referri.
644 1656 705 1733 Qui
743 1654 927 1739 Philippum
947 1656 1166 1716 Anthesterione

128 1760 199 1821 belli
222 1761 325 1822 ducem
347 1776 479 1822 creatum
510 1759 700 1843 opinabatur,
723 1761 747 1819 is
777 1783 834 1820 ιιοιι
861 1775 975 1842 poterat
1015 1763 1070 1820 nisi
1099 1763 1168 1821 Ela-

127 1859 305 1947 phebolione
333 1888 399 1924 eum
428 1857 470 1924 in⁴
489 1864 638 1924 Graeciam
667 1865 825 1946 ingressum
864 1867 1005 1942 statuere,
1040 1879 1068 1923 et
1097 1863 1166 1924 inde

127 1969 359 2052 Elaphebolione
383 1971 466 2029 etiam
499 1952 647 2028 decretum
678 1969 760 2050 prius
783 1966 820 2028 de
841 1967 964 2028 induciis
977 1961 1084 2045 latum,
1110 1971 1168 2029 eis-

83 2054 85 2059 ¹
129 2080 187 2154 que
210 2095 304 2154 usque
326 2074 364 2132 ad
385 2073 605 2154 Thargelionem
628 2072 830 2150 concedendis,
852 2075 996 2155 posterius
1017 2075 1105 2156 igitur
1127 2073 1164 2134 de

126 2176 297 2235 renovandis
318 2175 441 2235 induciis
462 2177 663 2255 Munychionis
684 2177 795 2251 ultimo,
817 2190 846 2234 et
863 2176 1086 2258 Scirophorione
1109 2177 1164 2238 d'c-

73 2259 75 2262 ·
128 2293 238 2337 cretum
259 2279 460 2338 Demosthenis
483 2278 520 2336 de
542 2272 661 2349 foedere
683 2299 749 2337 cum
763 2279 912 2337 'Thebanis
926 2281 1062 2346 ineundo.
1108 2283 1164 2341 Ita-

128 2404 187 2464 quc
211 2383 313 2465 quiin
335 2382 425 2441 altero
448 2379 564 2441 decreto
597 2381 835 2463 Amphictyonico
861 2384 1013 2464 scripserat
1042 2375 1165 2466 ἐαρινῆς

125 2492 181 2566 p'ro
204 2480 368 2568 ὀπωρινῆς,
392 2486 469 2544 idem
498 2506 555 2566 pro
585 2482 843 2566 Βοηδρομιῶνος,
877 2508 937 2568 quo
952 2489 1052 2547 latum
1082 2491 1164 2571 prius

125 2588 274 2649 decretum
296 2592 347 2667 sit,
376 2589 537 2674 reponebat
554 2583 837 2670 Ἐλαφηβολιῶνος,
872 2591 939 2649 item
966 2590 1075 2651 ibidem
1108 2616 1163 2674 pro

123 2678 429 2775 Μαιμακτηριῶνος,
466 2689 700 2776 Θαργηλιῶνος,
743 2694 771 2751 in
805 2694 895 2754 altero
937 2693 1177 2776 ΙλλοννοχιῶνοςΙ
1219 2758 1222 2769 ,

123 2819 180 2879 pro
203 2796 446 2876 Πυανεψιῶνος,
479 2797 606 2880 denique
634 2799 664 2857 in
685 2799 886 2857 Demosthenis
910 2798 1026 2860 decreto
1049 2801 1171 2883 Σκιρο-,

124 2903 279 2982 popone
299 2924 354 2984 pro
376 2899 599 2973 Ποσειδεῶνος.
642 2903 742 2983 Atque
775 2903 911 2961 exstincta
932 2904 956 2960 si
977 2919 1163 2984 reponantur,

124 3003 231 3065 cedent
253 3006 447 3082 difficultates,
480 3007 623 3065 conciliari
650 3006 771 3088 plurima
793 3007 858 3063 satis
880 3020 1033 3086 poterunt,
1064 3023 1092 3066 et
1113 3028 1163 3086 re-

122 3131 187 3168 rnm
221 3125 363 3192 gestarum
401 3109 474 3171 ordo
502 3108 635 3209 prodibit
666 3109 713 3168 hie
735 3108 905 3168 commodus
936 3130 989 3167 nec
1015 3109 1157 3192 improba·
1206 3139 1226 3186 χ

121 3212 203 3273 bilis:
640 3248 644 3256 ·

140 3318 214 3378 Ol
222 3341 313 3401 ymp
336 3318 414 3397 ΟΧ,
437 3339 454 3379 2
481 3318 687 3400 Metagitnione
710 3242 863 3398 Philippus
884 3317 955 3376 belli
977 3316 1036 3376 dux
1057 3316 1161 3379 adver-

210 3444 258 3482 sus
279 3425 496 3506 Amphissenses
526 3435 654 3494 creatur,
685 3435 795 3480 creatus
817 3422 911 3480 socios
933 3421 1160 3505 Peloponnesia·

209 3547 259 3585 cos
290 3527 319 3586 in
346 3527 475 3586 Phocide
504 3526 659 3586 convenire
686 3547 782 3587 secum
796 3524 890 3603 ,iubet
919 3547 1015 3594 mense
1046 3509 1160 3589 instanti

207 3629 421 3697 Boedromione
436 3651 513 3690 -cum
543 3651 575 3690 re
597 3629 792 3706 frumentaria,
821 3631 947 3712 quaein
970 3629 1159 3715 quadraginta

208 3733 271 3794 dies
292 3735 418 3794 sufficiat.

960 3840 1080 3868 „.

141 4030 163 4039 με
206 3966 284 4018 muni
306 3973 431 4040 captam,
449 3957 506 4016 sod
523 3960 619 4016 statim
648 3973 735 4041 post·
742 3959 901 4042 ingressum
929 3904 1109 4059 Elaphebolit

161 4076 164 4083 ·
206 4068 302 4107 mense
325 4048 353 4105 in
377 4045 526 4106 Graeciam
546 4045 758 4129 Philippum.
806 4088 809 4093 ·
855 4098 858 4105 .
