<?xml version="1.0" encoding="UTF-8"?>
<!DOCTYPE html PUBLIC "-//W3C//DTD XHTML 1.0 Transitional//EN"
    "http://www.w3.org/TR/xhtml1/DTD/xhtml1-transitional.dtd">
<html xmlns="http://www.w3.org/1999/xhtml" xml:lang="en" lang="en">
 <head>
  <title>
</title>
<meta http-equiv="Content-Type" content="text/html;charset=utf-8" />
  <meta name='ocr-system' content='tesseract 3.04.00' />
  <meta name='ocr-capabilities' content='ocr_page ocr_carea ocr_par ocr_line ocrx_word'/>
</head>
<body>
  <div class='ocr_page' id='page_1' title='image "./commentariihist00wiengoog_0160.png"; bbox 0 0 2594 4672; ppageno 0'>
   <div class='ocr_carea' id='block_1_1' title="bbox 81 416 1292 4199">
    <p class='ocr_par' dir='ltr' id='par_1_1' title="bbox 81 416 1254 942">
     <span class='ocr_line' id='line_1_1' title="bbox 121 416 1163 523; baseline -0.004 -23"><span class='ocrx_word' id='word_1_1' title='bbox 121 435 156 500; x_wconf 90' lang='lat' dir='ltr'><strong>h.</strong></span> <span class='ocrx_word' id='word_1_2' title='bbox 180 457 208 507; x_wconf 78' lang='lat' dir='ltr'><strong>a.</strong></span> <span class='ocrx_word' id='word_1_3' title='bbox 225 432 284 511; x_wconf 80' lang='lat'><strong>111.</strong></span> <span class='ocrx_word' id='word_1_4' title='bbox 305 454 331 497; x_wconf 88' lang='grc' dir='ltr'><strong>ι.</strong></span> <span class='ocrx_word' id='word_1_5' title='bbox 375 429 447 497; x_wconf 86' lang='lat' dir='ltr'><strong>Hac</strong></span> <span class='ocrx_word' id='word_1_6' title='bbox 461 416 710 523; x_wconf 77' lang='lat' dir='ltr'><strong>opportunitate</strong></span> <span class='ocrx_word' id='word_1_7' title='bbox 723 426 963 502; x_wconf 88' lang='lat' dir='ltr'><strong>Demosthenes</strong></span> <span class='ocrx_word' id='word_1_8' title='bbox 978 428 1163 514; x_wconf 81' lang='lat' dir='ltr'><strong>orationem</strong></span> 
     </span>
     <span class='ocr_line' id='line_1_2' title="bbox 122 527 1164 625; baseline -0.002 -22"><span class='ocrx_word' id='word_1_9' title='bbox 122 538 246 616; x_wconf 76' lang='lat' dir='ltr'><strong>habuit</strong></span> <span class='ocrx_word' id='word_1_10' title='bbox 261 565 294 611; x_wconf 74' lang='lat' dir='ltr'><strong>ac.</strong></span> <span class='ocrx_word' id='word_1_11' title='bbox 316 541 374 621; x_wconf 78' lang='grc' dir='ltr'><strong>τῆς</strong></span> <span class='ocrx_word' id='word_1_12' title='bbox 395 527 535 620; x_wconf 63' lang='lat' dir='ltr'><strong>elutione,</strong></span> <span class='ocrx_word' id='word_1_13' title='bbox 570 557 636 624; x_wconf 88' lang='lat' dir='ltr'><strong>qua</strong></span> <span class='ocrx_word' id='word_1_14' title='bbox 659 534 753 624; x_wconf 83' lang='lat' dir='ltr'><strong>pacis</strong></span> <span class='ocrx_word' id='word_1_15' title='bbox 784 532 961 600; x_wconf 87' lang='lat' dir='ltr'><strong>servandae</strong></span> <span class='ocrx_word' id='word_1_16' title='bbox 994 536 1098 625; x_wconf 77' lang='lat' dir='ltr'><strong>gratia</strong></span> <span class='ocrx_word' id='word_1_17' title='bbox 1127 551 1164 601; x_wconf 91' lang='lat' dir='ltr'><strong>ut</strong></span> 
     </span>
     <span class='ocr_line' id='line_1_3' title="bbox 81 636 1164 732; baseline -0.006 -22"><span class='ocrx_word' id='word_1_18' title='bbox 81 644 251 717; x_wconf 73' lang='lat' dir='ltr'><strong>lmorem</strong></span> <span class='ocrx_word' id='word_1_19' title='bbox 281 655 436 732; x_wconf 83' lang='lat' dir='ltr'><strong>gererent</strong></span> <span class='ocrx_word' id='word_1_20' title='bbox 456 636 616 730; x_wconf 92' lang='lat' dir='ltr'><strong>Philippo</strong></span> <span class='ocrx_word' id='word_1_21' title='bbox 646 655 679 704; x_wconf 88' lang='lat' dir='ltr'><strong>et</strong></span> <span class='ocrx_word' id='word_1_22' title='bbox 707 637 1028 729; x_wconf 81' lang='lat' dir='ltr'><strong>Amphictyonibus,</strong></span> <span class='ocrx_word' id='word_1_23' title='bbox 1058 638 1164 721; x_wconf 85' lang='lat' dir='ltr'><strong>Athe-</strong></span> 
     </span>
     <span class='ocr_line' id='line_1_4' title="bbox 123 739 1254 833; baseline -0.007 -18"><span class='ocrx_word' id='word_1_24' title='bbox 123 749 256 815; x_wconf 85' lang='lat' dir='ltr'><strong>nienses</strong></span> <span class='ocrx_word' id='word_1_25' title='bbox 289 742 487 821; x_wconf 75' lang='lat' dir='ltr'><strong>cohortatus¹</strong></span> <span class='ocrx_word' id='word_1_26' title='bbox 509 759 574 822; x_wconf 89' lang='lat' dir='ltr'><strong>est,</strong></span> <span class='ocrx_word' id='word_1_27' title='bbox 616 740 774 808; x_wconf 82' lang='lat' dir='ltr'><strong>archonte</strong></span> <span class='ocrx_word' id='word_1_28' title='bbox 808 739 992 807; x_wconf 89' lang='lat' dir='ltr'><strong>secundum</strong></span> <span class='ocrx_word' id='word_1_29' title='bbox 1023 743 1163 833; x_wconf 86' lang='lat' dir='ltr'><strong>Dionys.</strong></span> <span class='ocrx_word' id='word_1_30' title='bbox 1249 774 1254 783; x_wconf 90' lang='lat'><em>·</em></span> 
     </span>
     <span class='ocr_line' id='line_1_5' title="bbox 124 842 1164 942; baseline -0.003 -25"><span class='ocrx_word' id='word_1_31' title='bbox 124 848 197 918; x_wconf 88' lang='lat' dir='ltr'><strong>Hal</strong></span> <span class='ocrx_word' id='word_1_32' title='bbox 221 857 287 942; x_wconf 89' lang='lat' dir='ltr'><strong>(ep.</strong></span> <span class='ocrx_word' id='word_1_33' title='bbox 310 846 354 913; x_wconf 91' lang='lat' dir='ltr'><strong>ad</strong></span> <span class='ocrx_word' id='word_1_34' title='bbox 374 848 486 917; x_wconf 84' lang='lat' dir='ltr'><strong>Amm</strong></span> <span class='ocrx_word' id='word_1_35' title='bbox 523 869 551 912; x_wconf 85' lang='lat' dir='ltr'><strong>o.</strong></span> <span class='ocrx_word' id='word_1_36' title='bbox 580 851 630 930; x_wconf 89' lang='grc' dir='ltr'><strong>ιι)</strong></span> <span class='ocrx_word' id='word_1_37' title='bbox 657 843 800 926; x_wconf 78' lang='lat' dir='ltr'><strong>Archia,</strong></span> <span class='ocrx_word' id='word_1_38' title='bbox 823 842 961 935; x_wconf 81' lang='lat' dir='ltr'><strong>Olymp</strong></span> <span class='ocrx_word' id='word_1_39' title='bbox 987 844 1110 926; x_wconf 86' lang='lat' dir='ltr'>CVIII,</span> <span class='ocrx_word' id='word_1_40' title='bbox 1133 847 1164 914; x_wconf 87' lang='lat'><strong>3.</strong></span> 
     </span>
    </p>

    <p class='ocr_par' dir='ltr' id='par_1_2' title="bbox 83 943 1199 1772">
     <span class='ocr_line' id='line_1_6' title="bbox 83 943 1166 1046; baseline -0.007 -24"><span class='ocrx_word' id='word_1_41' title='bbox 83 967 86 972; x_wconf 82' lang='lat'><em>&#39;</em></span> <span class='ocrx_word' id='word_1_42' title='bbox 126 957 217 1022; x_wconf 85' lang='lat' dir='ltr'><strong>luter</strong></span> <span class='ocrx_word' id='word_1_43' title='bbox 244 953 368 1046; x_wconf 86' lang='lat' dir='ltr'><strong>legatos</strong></span> <span class='ocrx_word' id='word_1_44' title='bbox 396 948 549 1043; x_wconf 91' lang='lat' dir='ltr'><strong>Philippi</strong></span> <span class='ocrx_word' id='word_1_45' title='bbox 570 947 759 1040; x_wconf 82' lang='lat' dir='ltr'><strong>Pythonem</strong></span> <span class='ocrx_word' id='word_1_46' title='bbox 787 966 949 1015; x_wconf 87' lang='lat' dir='ltr'><strong>memorat</strong></span> <span class='ocrx_word' id='word_1_47' title='bbox 969 943 1146 1041; x_wconf 88' lang='lat' dir='ltr'><strong>Ulpian</strong></span> <span class='ocrx_word' id='word_1_48' title='bbox 1128 975 1166 1039; x_wconf 78' lang='grc' dir='ltr'><strong>ιιι</strong></span> 
     </span>
     <span class='ocr_line' id='line_1_7' title="bbox 125 1050 1165 1145; baseline -0.009 -18"><span class='ocrx_word' id='word_1_49' title='bbox 125 1060 277 1128; x_wconf 54' lang='lat' dir='ltr'><strong>Enanmat</strong></span> <span class='ocrx_word' id='word_1_50' title='bbox 300 1054 342 1122; x_wconf 87' lang='lat' dir='ltr'><strong>ad</strong></span> <span class='ocrx_word' id='word_1_51' title='bbox 364 1055 462 1120; x_wconf 89' lang='lat' dir='ltr'><strong>Dem.</strong></span> <span class='ocrx_word' id='word_1_52' title='bbox 486 1077 535 1121; x_wconf 88' lang='lat' dir='ltr'><strong>or.</strong></span> <span class='ocrx_word' id='word_1_53' title='bbox 555 1080 590 1120; x_wconf 82' lang='grc' dir='ltr'><strong>π.</strong></span> <span class='ocrx_word' id='word_1_54' title='bbox 611 1079 752 1142; x_wconf 72' lang='grc' dir='ltr'><strong>παραιιρ</strong></span> <span class='ocrx_word' id='word_1_55' title='bbox 781 1050 805 1119; x_wconf 87' lang='grc'><strong>1.</strong></span> <span class='ocrx_word' id='word_1_56' title='bbox 827 1076 857 1119; x_wconf 89' lang='lat' dir='ltr'><strong>c</strong></span> <span class='ocrx_word' id='word_1_57' title='bbox 888 1053 936 1145; x_wconf 92' lang='lat' dir='ltr'><strong>(p.</strong></span> <span class='ocrx_word' id='word_1_58' title='bbox 963 1055 1022 1120; x_wconf 84' lang='lat'><strong>115</strong></span> <span class='ocrx_word' id='word_1_59' title='bbox 1047 1050 1098 1119; x_wconf 86' lang='lat' dir='ltr'><strong>ed.</strong></span> <span class='ocrx_word' id='word_1_60' title='bbox 1121 1053 1165 1139; x_wconf 91' lang='lat' dir='ltr'><strong>H.</strong></span> 
     </span>
     <span class='ocr_line' id='line_1_8' title="bbox 126 1157 1167 1251; baseline -0.004 -23"><span class='ocrx_word' id='word_1_61' title='bbox 126 1160 253 1244; x_wconf 84' lang='lat' dir='ltr'><strong>Wolf),</strong></span> <span class='ocrx_word' id='word_1_62' title='bbox 278 1175 310 1226; x_wconf 89' lang='lat' dir='ltr'><strong>et</strong></span> <span class='ocrx_word' id='word_1_63' title='bbox 324 1182 439 1251; x_wconf 89' lang='lat' dir='ltr'><strong>quum</strong></span> <span class='ocrx_word' id='word_1_64' title='bbox 460 1159 534 1250; x_wconf 86' lang='lat' dir='ltr'><strong>ipse</strong></span> <span class='ocrx_word' id='word_1_65' title='bbox 556 1157 834 1226; x_wconf 86' lang='lat' dir='ltr'><strong>Demosthenes</strong></span> <span class='ocrx_word' id='word_1_66' title='bbox 824 1180 862 1223; x_wconf 89' lang='grc' dir='ltr'><strong>ιιι</strong></span> <span class='ocrx_word' id='word_1_67' title='bbox 892 1179 939 1223; x_wconf 95' lang='lat' dir='ltr'><strong>or.</strong></span> <span class='ocrx_word' id='word_1_68' title='bbox 970 1184 1013 1224; x_wconf 85' lang='grc' dir='ltr'><em>π</em></span> <span class='ocrx_word' id='word_1_69' title='bbox 1011 1181 1167 1245; x_wconf 82' lang='grc' dir='ltr'><strong>παραπρ.</strong></span> 
     </span>
     <span class='ocr_line' id='line_1_9' title="bbox 126 1259 1170 1355; baseline -0.006 -22"><span class='ocrx_word' id='word_1_70' title='bbox 126 1265 150 1333; x_wconf 95' lang='lat' dir='ltr'><strong>l.</strong></span> <span class='ocrx_word' id='word_1_71' title='bbox 175 1290 215 1346; x_wconf 68' lang='lat' dir='ltr'><strong>os,</strong></span> <span class='ocrx_word' id='word_1_72' title='bbox 238 1261 332 1328; x_wconf 91' lang='lat' dir='ltr'><strong>nulla</strong></span> <span class='ocrx_word' id='word_1_73' title='bbox 353 1262 510 1345; x_wconf 82' lang='lat' dir='ltr'><strong>orationis</strong></span> <span class='ocrx_word' id='word_1_74' title='bbox 535 1259 580 1328; x_wconf 88' lang='lat' dir='ltr'><strong>de</strong></span> <span class='ocrx_word' id='word_1_75' title='bbox 600 1285 699 1355; x_wconf 89' lang='lat' dir='ltr'><strong>pace,</strong></span> <span class='ocrx_word' id='word_1_76' title='bbox 723 1285 825 1353; x_wconf 83' lang='lat' dir='ltr'><strong>quam</strong></span> <span class='ocrx_word' id='word_1_77' title='bbox 846 1261 918 1351; x_wconf 92' lang='lat' dir='ltr'><strong>ipse</strong></span> <span class='ocrx_word' id='word_1_78' title='bbox 939 1276 1013 1349; x_wconf 88' lang='lat' dir='ltr'><strong>tum</strong></span> <span class='ocrx_word' id='word_1_79' title='bbox 1033 1285 1170 1354; x_wconf 31' lang='lat' dir='ltr'><strong>perora·-</strong></span> 
     </span>
     <span class='ocr_line' id='line_1_10' title="bbox 127 1363 1199 1459; baseline -0.001 -24"><span class='ocrx_word' id='word_1_80' title='bbox 127 1370 185 1449; x_wconf 90' lang='lat' dir='ltr'><strong>vit,</strong></span> <span class='ocrx_word' id='word_1_81' title='bbox 208 1368 338 1434; x_wconf 90' lang='lat' dir='ltr'><strong>ratione</strong></span> <span class='ocrx_word' id='word_1_82' title='bbox 365 1365 492 1445; x_wconf 82' lang='lat' dir='ltr'><strong>habite,</strong></span> <span class='ocrx_word' id='word_1_83' title='bbox 522 1364 725 1431; x_wconf 85' lang='lat' dir='ltr'><strong>Aeschinem</strong></span> <span class='ocrx_word' id='word_1_84' title='bbox 757 1363 865 1430; x_wconf 87' lang='lat' dir='ltr'><strong>solum</strong></span> <span class='ocrx_word' id='word_1_85' title='bbox 898 1365 1021 1432; x_wconf 89' lang='lat' dir='ltr'><strong>civium</strong></span> <span class='ocrx_word' id='word_1_86' title='bbox 1054 1365 1169 1459; x_wconf 85' lang='lat' dir='ltr'><strong>legatis</strong></span> <span class='ocrx_word' id='word_1_87' title='bbox 1196 1437 1199 1447; x_wconf 62' lang='grc'><strong>,</strong></span> 
     </span>
     <span class='ocr_line' id='line_1_11' title="bbox 129 1464 1170 1563; baseline -0.001 -24"><span class='ocrx_word' id='word_1_88' title='bbox 129 1471 342 1562; x_wconf 81' lang='lat' dir='ltr'><strong>suffragatum</strong></span> <span class='ocrx_word' id='word_1_89' title='bbox 365 1493 434 1535; x_wconf 89' lang='lat' dir='ltr'><strong>esse</strong></span> <span class='ocrx_word' id='word_1_90' title='bbox 457 1466 561 1550; x_wconf 90' lang='lat' dir='ltr'><strong>dicat,</strong></span> <span class='ocrx_word' id='word_1_91' title='bbox 591 1464 683 1535; x_wconf 91' lang='lat' dir='ltr'><strong>idem</strong></span> <span class='ocrx_word' id='word_1_92' title='bbox 712 1467 770 1534; x_wconf 89' lang='lat' dir='ltr'><strong>hic</strong></span> <span class='ocrx_word' id='word_1_93' title='bbox 799 1467 862 1535; x_wconf 90' lang='lat' dir='ltr'><strong>sibi</strong></span> <span class='ocrx_word' id='word_1_94' title='bbox 889 1470 1086 1536; x_wconf 88' lang='lat' dir='ltr'><strong>ementitum</strong></span> <span class='ocrx_word' id='word_1_95' title='bbox 1109 1494 1170 1563; x_wconf 91' lang='lat' dir='ltr'><strong>op-</strong></span> 
     </span>
     <span class='ocr_line' id='line_1_12' title="bbox 129 1568 1172 1671; baseline 0 -31"><span class='ocrx_word' id='word_1_96' title='bbox 129 1576 306 1671; x_wconf 88' lang='lat' dir='ltr'><strong>probrium</strong></span> <span class='ocrx_word' id='word_1_97' title='bbox 333 1573 513 1666; x_wconf 89' lang='lat' dir='ltr'><strong>sumpsisse</strong></span> <span class='ocrx_word' id='word_1_98' title='bbox 540 1570 652 1664; x_wconf 76' lang='lat' dir='ltr'><strong>posset¹</strong></span> <span class='ocrx_word' id='word_1_99' title='bbox 678 1568 795 1639; x_wconf 86' lang='lat' dir='ltr'><strong>videri.</strong></span> <span class='ocrx_word' id='word_1_100' title='bbox 848 1569 919 1639; x_wconf 88' lang='lat' dir='ltr'><strong>Sed</strong></span> <span class='ocrx_word' id='word_1_101' title='bbox 945 1596 998 1638; x_wconf 91' lang='lat' dir='ltr'><strong>res</strong></span> <span class='ocrx_word' id='word_1_102' title='bbox 1026 1595 1097 1670; x_wconf 83' lang='lat' dir='ltr'><strong>non</strong></span> <span class='ocrx_word' id='word_1_103' title='bbox 1125 1577 1172 1660; x_wconf 74' lang='lat' dir='ltr'><strong>ita</strong></span> 
     </span>
     <span class='ocr_line' id='line_1_13' title="bbox 131 1675 1126 1772; baseline -0.004 -25"><span class='ocrx_word' id='word_1_104' title='bbox 131 1676 387 1772; x_wconf 75' lang='lat' dir='ltr'><strong>explorataest,</strong></span> <span class='ocrx_word' id='word_1_105' title='bbox 416 1696 455 1745; x_wconf 88' lang='lat' dir='ltr'><strong>ut</strong></span> <span class='ocrx_word' id='word_1_106' title='bbox 481 1680 518 1743; x_wconf 91' lang='lat' dir='ltr'><strong>in</strong></span> <span class='ocrx_word' id='word_1_107' title='bbox 541 1701 579 1743; x_wconf 88' lang='lat' dir='ltr'><strong>ea</strong></span> <span class='ocrx_word' id='word_1_108' title='bbox 605 1677 672 1742; x_wconf 91' lang='lat' dir='ltr'><strong>iam</strong></span> <span class='ocrx_word' id='word_1_109' title='bbox 693 1675 931 1768; x_wconf 84' lang='lat' dir='ltr'><strong>conquiescere</strong></span> <span class='ocrx_word' id='word_1_110' title='bbox 953 1680 1126 1768; x_wconf 91' lang='lat' dir='ltr'><strong>possimus.</strong></span> 
     </span>
    </p>

    <p class='ocr_par' dir='ltr' id='par_1_3' title="bbox 131 1777 1213 2292">
     <span class='ocr_line' id='line_1_14' title="bbox 220 1777 1173 1875; baseline -0.004 -25"><span class='ocrx_word' id='word_1_111' title='bbox 220 1785 336 1875; x_wconf 80' lang='lat' dir='ltr'><strong>ltaque</strong></span> <span class='ocrx_word' id='word_1_112' title='bbox 358 1784 456 1850; x_wconf 87' lang='lat' dir='ltr'><strong>tertia</strong></span> <span class='ocrx_word' id='word_1_113' title='bbox 476 1781 629 1874; x_wconf 83' lang='lat' dir='ltr'><strong>Philippi</strong></span> <span class='ocrx_word' id='word_1_114' title='bbox 657 1777 701 1847; x_wconf 89' lang='lat' dir='ltr'><strong>ad</strong></span> <span class='ocrx_word' id='word_1_115' title='bbox 721 1780 942 1848; x_wconf 83' lang='lat' dir='ltr'><strong>Athenienses</strong></span> <span class='ocrx_word' id='word_1_116' title='bbox 975 1780 1095 1874; x_wconf 82' lang='lat' dir='ltr'><strong>legatio</strong></span> <span class='ocrx_word' id='word_1_117' title='bbox 1119 1805 1173 1848; x_wconf 87' lang='lat' dir='ltr'><strong>ac-</strong></span> 
     </span>
     <span class='ocr_line' id='line_1_15' title="bbox 133 1883 1213 1980; baseline -0.004 -22"><span class='ocrx_word' id='word_1_118' title='bbox 133 1886 250 1958; x_wconf 88' lang='lat' dir='ltr'><strong>cidisse</strong></span> <span class='ocrx_word' id='word_1_119' title='bbox 274 1887 411 1980; x_wconf 83' lang='lat' dir='ltr'><strong>Olymp.</strong></span> <span class='ocrx_word' id='word_1_120' title='bbox 432 1887 511 1956; x_wconf 88' lang='lat' dir='ltr'><strong>CIX</strong></span> <span class='ocrx_word' id='word_1_121' title='bbox 529 1913 562 1954; x_wconf 85' lang='lat' dir='ltr'><strong>a.</strong></span> <span class='ocrx_word' id='word_1_122' title='bbox 590 1909 601 1953; x_wconf 91' lang='lat'>1</span> <span class='ocrx_word' id='word_1_123' title='bbox 628 1883 769 1955; x_wconf 86' lang='lat' dir='ltr'><strong>videtur.</strong></span> <span class='ocrx_word' id='word_1_124' title='bbox 817 1886 910 1970; x_wconf 86' lang='lat' dir='ltr'><strong>Quae</strong></span> <span class='ocrx_word' id='word_1_125' title='bbox 933 1887 1081 1978; x_wconf 82' lang='lat' dir='ltr'><strong>quamvis</strong></span> <span class='ocrx_word' id='word_1_126' title='bbox 1104 1885 1174 1954; x_wconf 90' lang='lat' dir='ltr'><strong>cla·</strong></span> <span class='ocrx_word' id='word_1_127' title='bbox 1211 1948 1213 1954; x_wconf 83' lang='lat'><strong>.</strong></span> 
     </span>
     <span class='ocr_line' id='line_1_16' title="bbox 131 1990 1187 2086; baseline -0.005 -25"><span class='ocrx_word' id='word_1_128' title='bbox 131 1996 179 2064; x_wconf 80' lang='lat' dir='ltr'><strong>ris</strong></span> <span class='ocrx_word' id='word_1_129' title='bbox 202 1990 340 2085; x_wconf 90' lang='lat' dir='ltr'><strong>quidem</strong></span> <span class='ocrx_word' id='word_1_130' title='bbox 360 1993 470 2061; x_wconf 89' lang='lat' dir='ltr'><strong>verbis</strong></span> <span class='ocrx_word' id='word_1_131' title='bbox 492 2015 657 2083; x_wconf 84' lang='lat' dir='ltr'><strong>nusquam</strong></span> <span class='ocrx_word' id='word_1_132' title='bbox 685 2008 900 2073; x_wconf 83' lang='lat' dir='ltr'><strong>memoretur,</strong></span> <span class='ocrx_word' id='word_1_133' title='bbox 923 1991 1038 2057; x_wconf 91' lang='lat' dir='ltr'><strong>insunt</strong></span> <span class='ocrx_word' id='word_1_134' title='bbox 1060 2008 1187 2086; x_wconf 46' lang='lat' dir='ltr'><strong>tamen,</strong></span> 
     </span>
     <span class='ocr_line' id='line_1_17' title="bbox 133 2094 1175 2187; baseline -0.002 -22"><span class='ocrx_word' id='word_1_135' title='bbox 133 2102 171 2165; x_wconf 91' lang='lat' dir='ltr'><strong>iu</strong></span> <span class='ocrx_word' id='word_1_136' title='bbox 193 2098 396 2166; x_wconf 79' lang='lat' dir='ltr'><strong>orationibus</strong></span> <span class='ocrx_word' id='word_1_137' title='bbox 424 2098 543 2165; x_wconf 89' lang='lat' dir='ltr'><strong>codem</strong></span> <span class='ocrx_word' id='word_1_138' title='bbox 571 2114 721 2185; x_wconf 86' lang='lat' dir='ltr'><strong>ternpore</strong></span> <span class='ocrx_word' id='word_1_139' title='bbox 749 2094 871 2162; x_wconf 88' lang='lat' dir='ltr'><strong>habitis</strong></span> <span class='ocrx_word' id='word_1_140' title='bbox 901 2118 963 2171; x_wconf 83' lang='lat' dir='ltr'><strong>nec</strong></span> <span class='ocrx_word' id='word_1_141' title='bbox 988 2097 1090 2187; x_wconf 87' lang='lat' dir='ltr'><strong>pauci</strong></span> <span class='ocrx_word' id='word_1_142' title='bbox 1111 2119 1175 2163; x_wconf 91' lang='lat' dir='ltr'><strong>nec</strong></span> 
     </span>
     <span class='ocr_line' id='line_1_18' title="bbox 134 2200 1176 2292; baseline -0.002 -25"><span class='ocrx_word' id='word_1_143' title='bbox 134 2202 282 2292; x_wconf 81' lang='lat' dir='ltr'><strong>ambigui</strong></span> <span class='ocrx_word' id='word_1_144' title='bbox 308 2200 390 2281; x_wconf 92' lang='lat' dir='ltr'><strong>loci,</strong></span> <span class='ocrx_word' id='word_1_145' title='bbox 413 2202 535 2292; x_wconf 84' lang='lat' dir='ltr'><strong>quibus</strong></span> <span class='ocrx_word' id='word_1_146' title='bbox 555 2201 638 2265; x_wconf 88' lang='lat' dir='ltr'><strong>haec</strong></span> <span class='ocrx_word' id='word_1_147' title='bbox 660 2215 772 2267; x_wconf 90' lang='lat' dir='ltr'><strong>nostra</strong></span> <span class='ocrx_word' id='word_1_148' title='bbox 786 2200 902 2291; x_wconf 90' lang='lat' dir='ltr'><strong>opinio</strong></span> <span class='ocrx_word' id='word_1_149' title='bbox 916 2201 1068 2291; x_wconf 90' lang='lat' dir='ltr'><strong>apprime</strong></span> <span class='ocrx_word' id='word_1_150' title='bbox 1085 2223 1176 2267; x_wconf 90' lang='lat' dir='ltr'><strong>corn-</strong></span> 
     </span>
    </p>

    <p class='ocr_par' dir='ltr' id='par_1_4' title="bbox 103 2300 1183 3104">
     <span class='ocr_line' id='line_1_19' title="bbox 103 2300 1177 2397; baseline 0.005 -31"><span class='ocrx_word' id='word_1_151' title='bbox 103 2361 106 2365; x_wconf 88' lang='lat'><strong>.</strong></span> <span class='ocrx_word' id='word_1_152' title='bbox 129 2300 270 2397; x_wconf 71' lang='lat' dir='ltr'><strong>probari</strong></span> <span class='ocrx_word' id='word_1_153' title='bbox 291 2320 410 2394; x_wconf 87' lang='lat' dir='ltr'><strong>potest.</strong></span> <span class='ocrx_word' id='word_1_154' title='bbox 453 2303 673 2372; x_wconf 87' lang='lat' dir='ltr'><strong>Athenienses</strong></span> <span class='ocrx_word' id='word_1_155' title='bbox 700 2303 791 2368; x_wconf 89' lang='lat' dir='ltr'><strong>enim</strong></span> <span class='ocrx_word' id='word_1_156' title='bbox 812 2303 872 2366; x_wconf 91' lang='lat' dir='ltr'><strong>ubi</strong></span> <span class='ocrx_word' id='word_1_157' title='bbox 892 2327 976 2394; x_wconf 88' lang='lat' dir='ltr'><strong>pace</strong></span> <span class='ocrx_word' id='word_1_158' title='bbox 997 2304 1082 2370; x_wconf 86' lang='lat' dir='ltr'><strong>facta</strong></span> <span class='ocrx_word' id='word_1_159' title='bbox 1104 2321 1177 2371; x_wconf 89' lang='lat' dir='ltr'><strong>tau-</strong></span> 
     </span>
     <span class='ocr_line' id='line_1_20' title="bbox 136 2404 1178 2500; baseline 0.001 -26"><span class='ocrx_word' id='word_1_160' title='bbox 136 2425 257 2498; x_wconf 86' lang='lat' dir='ltr'><strong>topere</strong></span> <span class='ocrx_word' id='word_1_161' title='bbox 282 2432 301 2473; x_wconf 87' lang='lat' dir='ltr'><strong>a</strong></span> <span class='ocrx_word' id='word_1_162' title='bbox 328 2406 486 2500; x_wconf 90' lang='lat' dir='ltr'><strong>Philippo</strong></span> <span class='ocrx_word' id='word_1_163' title='bbox 518 2405 676 2497; x_wconf 82' lang='lat' dir='ltr'><strong>deceptos¹</strong></span> <span class='ocrx_word' id='word_1_164' title='bbox 699 2429 735 2471; x_wconf 89' lang='lat' dir='ltr'><strong>se</strong></span> <span class='ocrx_word' id='word_1_165' title='bbox 764 2404 1015 2487; x_wconf 82' lang='lat' dir='ltr'><strong>intellexissent,</strong></span> <span class='ocrx_word' id='word_1_166' title='bbox 1043 2415 1178 2475; x_wconf 88' lang='lat' dir='ltr'><strong>omnem</strong></span> 
     </span>
     <span class='ocr_line' id='line_1_21' title="bbox 138 2506 1181 2603; baseline 0.001 -25"><span class='ocrx_word' id='word_1_167' title='bbox 138 2510 264 2578; x_wconf 88' lang='lat' dir='ltr'><strong>dabant</strong></span> <span class='ocrx_word' id='word_1_168' title='bbox 277 2512 440 2603; x_wconf 88' lang='lat' dir='ltr'><strong>operam,</strong></span> <span class='ocrx_word' id='word_1_169' title='bbox 469 2529 507 2579; x_wconf 93' lang='lat' dir='ltr'><strong>ut</strong></span> <span class='ocrx_word' id='word_1_170' title='bbox 535 2535 620 2603; x_wconf 88' lang='lat' dir='ltr'><strong>quac</strong></span> <span class='ocrx_word' id='word_1_171' title='bbox 641 2507 731 2576; x_wconf 88' lang='lat' dir='ltr'><strong>mala</strong></span> <span class='ocrx_word' id='word_1_172' title='bbox 750 2506 868 2591; x_wconf 84' lang='lat' dir='ltr'><strong>fraude</strong></span> <span class='ocrx_word' id='word_1_173' title='bbox 889 2510 954 2577; x_wconf 90' lang='lat' dir='ltr'><strong>sibi</strong></span> <span class='ocrx_word' id='word_1_174' title='bbox 977 2530 1086 2579; x_wconf 87' lang='lat' dir='ltr'><strong>essent</strong></span> <span class='ocrx_word' id='word_1_175' title='bbox 1105 2537 1181 2580; x_wconf 89' lang='lat' dir='ltr'><strong>sur-</strong></span> 
     </span>
     <span class='ocr_line' id='line_1_22' title="bbox 134 2613 1180 2708; baseline 0 -25"><span class='ocrx_word' id='word_1_176' title='bbox 134 2633 243 2708; x_wconf 88' lang='lat' dir='ltr'><strong>repta,</strong></span> <span class='ocrx_word' id='word_1_177' title='bbox 265 2631 510 2707; x_wconf 79' lang='lat' dir='ltr'><strong>recuperarent,</strong></span> <span class='ocrx_word' id='word_1_178' title='bbox 526 2613 589 2708; x_wconf 87' lang='lat' dir='ltr'><strong>vel,</strong></span> <span class='ocrx_word' id='word_1_179' title='bbox 606 2615 634 2680; x_wconf 92' lang='lat' dir='ltr'><strong>si</strong></span> <span class='ocrx_word' id='word_1_180' title='bbox 650 2613 687 2680; x_wconf 92' lang='lat' dir='ltr'><strong>id</strong></span> <span class='ocrx_word' id='word_1_181' title='bbox 701 2614 814 2696; x_wconf 87' lang='lat' dir='ltr'><strong>minus</strong></span> <span class='ocrx_word' id='word_1_182' title='bbox 831 2630 976 2705; x_wconf 91' lang='lat' dir='ltr'><strong>possent,</strong></span> <span class='ocrx_word' id='word_1_183' title='bbox 998 2613 1095 2683; x_wconf 89' lang='lat' dir='ltr'><strong>latius</strong></span> <span class='ocrx_word' id='word_1_184' title='bbox 1108 2642 1180 2683; x_wconf 84' lang='lat' dir='ltr'><strong>ser-</strong></span> 
     </span>
     <span class='ocr_line' id='line_1_23' title="bbox 137 2717 1181 2814; baseline 0.002 -28"><span class='ocrx_word' id='word_1_185' title='bbox 137 2737 277 2814; x_wconf 87' lang='lat' dir='ltr'><strong>pentem</strong></span> <span class='ocrx_word' id='word_1_186' title='bbox 309 2717 472 2811; x_wconf 12' lang='lat' dir='ltr'><strong>Philippi,</strong></span> <span class='ocrx_word' id='word_1_187' title='bbox 489 2721 673 2812; x_wconf 90' lang='lat' dir='ltr'><strong>potentiam</strong></span> <span class='ocrx_word' id='word_1_188' title='bbox 709 2736 742 2785; x_wconf 90' lang='lat' dir='ltr'><strong>et</strong></span> <span class='ocrx_word' id='word_1_189' title='bbox 772 2719 1001 2785; x_wconf 88' lang='lat' dir='ltr'><strong>auctoritatem</strong></span> <span class='ocrx_word' id='word_1_190' title='bbox 1028 2724 1181 2810; x_wconf 83' lang='lat' dir='ltr'><strong>coutine-</strong></span> 
     </span>
     <span class='ocr_line' id='line_1_24' title="bbox 135 2821 1182 2919; baseline -0.001 -27"><span class='ocrx_word' id='word_1_191' title='bbox 135 2831 221 2915; x_wconf 77' lang='lat' dir='ltr'><strong>rent.</strong></span> <span class='ocrx_word' id='word_1_192' title='bbox 267 2821 396 2892; x_wconf 85' lang='lat' dir='ltr'><strong>Eodem</strong></span> <span class='ocrx_word' id='word_1_193' title='bbox 408 2825 482 2916; x_wconf 91' lang='lat' dir='ltr'><strong>ipso</strong></span> <span class='ocrx_word' id='word_1_194' title='bbox 496 2841 645 2917; x_wconf 89' lang='lat' dir='ltr'><strong>tempore</strong></span> <span class='ocrx_word' id='word_1_195' title='bbox 657 2821 834 2914; x_wconf 88' lang='lat' dir='ltr'><strong>Philippus</strong></span> <span class='ocrx_word' id='word_1_196' title='bbox 849 2822 1073 2917; x_wconf 85' lang='lat' dir='ltr'><strong>Peloponnesi</strong></span> <span class='ocrx_word' id='word_1_197' title='bbox 1097 2851 1182 2919; x_wconf 85' lang='lat' dir='ltr'><strong>quo-</strong></span> 
     </span>
     <span class='ocr_line' id='line_1_25' title="bbox 138 2925 1183 3022; baseline 0.001 -26"><span class='ocrx_word' id='word_1_198' title='bbox 138 2944 207 3022; x_wconf 87' lang='lat' dir='ltr'><strong>que</strong></span> <span class='ocrx_word' id='word_1_199' title='bbox 226 2929 457 3021; x_wconf 83' lang='lat' dir='ltr'><strong>principatum</strong></span> <span class='ocrx_word' id='word_1_200' title='bbox 478 2928 664 3021; x_wconf 83' lang='lat' dir='ltr'><strong>appetebat.</strong></span> <span class='ocrx_word' id='word_1_201' title='bbox 709 2925 765 3012; x_wconf 91' lang='lat' dir='ltr'><strong>Ad</strong></span> <span class='ocrx_word' id='word_1_202' title='bbox 791 2927 856 2994; x_wconf 91' lang='lat' dir='ltr'><strong>hoc</strong></span> <span class='ocrx_word' id='word_1_203' title='bbox 882 2927 974 3008; x_wconf 86' lang='lat' dir='ltr'><strong>bella</strong></span> <span class='ocrx_word' id='word_1_204' title='bbox 994 2931 1126 3020; x_wconf 85' lang='lat' dir='ltr'><strong>Argivis</strong></span> <span class='ocrx_word' id='word_1_205' title='bbox 1149 2947 1183 2997; x_wconf 93' lang='lat' dir='ltr'><strong>et</strong></span> 
     </span>
     <span class='ocr_line' id='line_1_26' title="bbox 140 3029 1183 3117; baseline 0 -18"><span class='ocrx_word' id='word_1_206' title='bbox 140 3034 317 3103; x_wconf 88' lang='lat' dir='ltr'><strong>Messeniis</strong></span> <span class='ocrx_word' id='word_1_207' title='bbox 339 3032 382 3098; x_wconf 93' lang='lat' dir='ltr'><strong>ob</strong></span> <span class='ocrx_word' id='word_1_208' title='bbox 404 3049 496 3097; x_wconf 88' lang='lat' dir='ltr'><strong>vetus</strong></span> <span class='ocrx_word' id='word_1_209' title='bbox 520 3031 635 3117; x_wconf 88' lang='lat' dir='ltr'><strong>odium</strong></span> <span class='ocrx_word' id='word_1_210' title='bbox 657 3029 958 3099; x_wconf 88' lang='lat' dir='ltr'><strong>aLacedaemouiis</strong></span> <span class='ocrx_word' id='word_1_211' title='bbox 979 3029 1069 3098; x_wconf 86' lang='lat' dir='ltr'><strong>illata</strong></span> <span class='ocrx_word' id='word_1_212' title='bbox 1092 3056 1183 3101; x_wconf 88' lang='lat' dir='ltr'><strong>com-</strong></span> 
     </span>
    </p>

    <p class='ocr_par' dir='ltr' id='par_1_5' title="bbox 138 3134 1292 4167">
     <span class='ocr_line' id='line_1_27' title="bbox 138 3134 1183 3231; baseline -0.001 -25.962"><span class='ocrx_word' id='word_1_213' title='bbox 138 3136 322 3219; x_wconf 84' lang='lat' dir='ltr'><strong>modam</strong></span> <span class='ocrx_word' id='word_1_214' title='bbox 293 3161 324 3202; x_wconf 85' lang='lat' dir='ltr'><strong>ct</strong></span> <span class='ocrx_word' id='word_1_215' title='bbox 347 3138 633 3228; x_wconf 86' lang='lat' dir='ltr'><strong>opportunitatem</strong></span> <span class='ocrx_word' id='word_1_216' title='bbox 653 3134 867 3231; x_wconf 75' lang='lat' dir='ltr'><strong>praebebant</strong></span> <span class='ocrx_word' id='word_1_217' title='bbox 911 3134 954 3203; x_wconf 89' lang='lat' dir='ltr'><strong>V.</strong></span> <span class='ocrx_word' id='word_1_218' title='bbox 977 3158 1051 3230; x_wconf 86' lang='lat' dir='ltr'><strong>cap.</strong></span> <span class='ocrx_word' id='word_1_219' title='bbox 1072 3137 1106 3203; x_wconf 94' lang='lat' dir='ltr'><strong>h</strong></span> <span class='ocrx_word' id='word_1_220' title='bbox 1129 3162 1183 3205; x_wconf 91' lang='lat' dir='ltr'><strong>nr.</strong></span> 
     </span>
     <span class='ocr_line' id='line_1_28' title="bbox 142 3238 1185 3333; baseline -0.002 -21"><span class='ocrx_word' id='word_1_221' title='bbox 142 3247 173 3312; x_wconf 87' lang='grc'><strong>5.</strong></span> <span class='ocrx_word' id='word_1_222' title='bbox 230 3240 300 3308; x_wconf 90' lang='lat' dir='ltr'><strong>Illis</strong></span> <span class='ocrx_word' id='word_1_223' title='bbox 336 3239 460 3308; x_wconf 80' lang='lat' dir='ltr'><strong>auxilia</strong></span> <span class='ocrx_word' id='word_1_224' title='bbox 492 3238 661 3331; x_wconf 88' lang='lat' dir='ltr'><strong>pollicitus</strong></span> <span class='ocrx_word' id='word_1_225' title='bbox 697 3238 893 3305; x_wconf 83' lang='lat' dir='ltr'><strong>contrahere</strong></span> <span class='ocrx_word' id='word_1_226' title='bbox 926 3241 1037 3333; x_wconf 90' lang='lat' dir='ltr'><strong>copias</strong></span> <span class='ocrx_word' id='word_1_227' title='bbox 1071 3241 1185 3321; x_wconf 81' lang='lat' dir='ltr'><strong>media</strong></span> 
     </span>
     <span class='ocr_line' id='line_1_29' title="bbox 140 3339 1186 3437; baseline -0.002 -25"><span class='ocrx_word' id='word_1_228' title='bbox 140 3347 180 3412; x_wconf 93' lang='lat' dir='ltr'><strong>in</strong></span> <span class='ocrx_word' id='word_1_229' title='bbox 210 3345 331 3411; x_wconf 89' lang='lat' dir='ltr'><strong>Gracia</strong></span> <span class='ocrx_word' id='word_1_230' title='bbox 361 3360 533 3436; x_wconf 85' lang='lat' dir='ltr'><strong>coeperat,</strong></span> <span class='ocrx_word' id='word_1_231' title='bbox 562 3343 697 3409; x_wconf 87' lang='lat' dir='ltr'><strong>iamiam</strong></span> <span class='ocrx_word' id='word_1_232' title='bbox 725 3343 762 3407; x_wconf 89' lang='lat' dir='ltr'><strong>in</strong></span> <span class='ocrx_word' id='word_1_233' title='bbox 790 3339 1057 3437; x_wconf 83' lang='lat' dir='ltr'><strong>Peloponnesum</strong></span> <span class='ocrx_word' id='word_1_234' title='bbox 1086 3348 1186 3415; x_wconf 82' lang='lat' dir='ltr'><strong>traie-</strong></span> 
     </span>
     <span class='ocr_line' id='line_1_30' title="bbox 141 3445 1186 3539; baseline 0.005 -24"><span class='ocrx_word' id='word_1_235' title='bbox 141 3467 266 3531; x_wconf 86' lang='lat' dir='ltr'><strong>cturus,</strong></span> <span class='ocrx_word' id='word_1_236' title='bbox 289 3446 678 3533; x_wconf 77' lang='lat' dir='ltr'><strong>utLaccdaempniorum</strong></span> <span class='ocrx_word' id='word_1_237' title='bbox 700 3445 890 3539; x_wconf 85' lang='lat' dir='ltr'><strong>superbiam</strong></span> <span class='ocrx_word' id='word_1_238' title='bbox 903 3468 1082 3519; x_wconf 87' lang='lat' dir='ltr'><strong>coerceret.</strong></span> <span class='ocrx_word' id='word_1_239' title='bbox 1105 3453 1186 3520; x_wconf 70' lang='lat' dir='ltr'><strong>&#39;De-</strong></span> 
     </span>
     <span class='ocr_line' id='line_1_31' title="bbox 141 3549 1186 3647; baseline 0.004 -28"><span class='ocrx_word' id='word_1_240' title='bbox 141 3551 261 3632; x_wconf 85' lang='lat' dir='ltr'><strong>mosth.</strong></span> <span class='ocrx_word' id='word_1_241' title='bbox 285 3575 332 3619; x_wconf 91' lang='lat' dir='ltr'><strong>or.</strong></span> <span class='ocrx_word' id='word_1_242' title='bbox 355 3549 440 3618; x_wconf 89' lang='lat' dir='ltr'><strong>Phil.</strong></span> <span class='ocrx_word' id='word_1_243' title='bbox 464 3553 508 3633; x_wconf 87' lang='grc' dir='ltr'><strong>ΙΙ,</strong></span> <span class='ocrx_word' id='word_1_244' title='bbox 530 3577 565 3644; x_wconf 92' lang='lat' dir='ltr'><strong>p.</strong></span> <span class='ocrx_word' id='word_1_245' title='bbox 587 3551 642 3632; x_wconf 81' lang='lat'><strong>68,</strong></span> <span class='ocrx_word' id='word_1_246' title='bbox 663 3549 716 3641; x_wconf 92' lang='grc'><strong>69.</strong></span> <span class='ocrx_word' id='word_1_247' title='bbox 761 3550 835 3618; x_wconf 92' lang='lat' dir='ltr'><strong>Hoc</strong></span> <span class='ocrx_word' id='word_1_248' title='bbox 855 3550 1008 3647; x_wconf 89' lang='lat' dir='ltr'><strong>Philippi</strong></span> <span class='ocrx_word' id='word_1_249' title='bbox 1030 3579 1108 3623; x_wconf 91' lang='lat' dir='ltr'><strong>cum</strong></span> <span class='ocrx_word' id='word_1_250' title='bbox 1122 3558 1186 3623; x_wconf 84' lang='lat' dir='ltr'><strong>Pe-</strong></span> 
     </span>
     <span class='ocr_line' id='line_1_32' title="bbox 143 3654 1187 3750; baseline 0.005 -27"><span class='ocrx_word' id='word_1_251' title='bbox 143 3655 390 3750; x_wconf 90' lang='lat' dir='ltr'><strong>loponnesiacis</strong></span> <span class='ocrx_word' id='word_1_252' title='bbox 420 3655 606 3722; x_wconf 85' lang='lat' dir='ltr'><strong>civitatibus</strong></span> <span class='ocrx_word' id='word_1_253' title='bbox 636 3654 754 3722; x_wconf 85' lang='lat' dir='ltr'><strong>foedus</strong></span> <span class='ocrx_word' id='word_1_254' title='bbox 781 3671 819 3721; x_wconf 90' lang='lat' dir='ltr'><strong>ut</strong></span> <span class='ocrx_word' id='word_1_255' title='bbox 847 3655 1051 3750; x_wconf 89' lang='lat' dir='ltr'><strong>impedirent</strong></span> <span class='ocrx_word' id='word_1_256' title='bbox 1081 3659 1187 3728; x_wconf 60' lang='lat' dir='ltr'><strong>Athe.</strong></span> 
     </span>
     <span class='ocr_line' id='line_1_33' title="bbox 143 3755 1188 3880; baseline 0.007 -54"><span class='ocrx_word' id='word_1_257' title='bbox 143 3762 293 3845; x_wconf 82' lang='lat' dir='ltr'><strong>nienses,</strong></span> <span class='ocrx_word' id='word_1_258' title='bbox 309 3755 433 3850; x_wconf 82' lang='lat' dir='ltr'><strong>legatos</strong></span> <span class='ocrx_word' id='word_1_259' title='bbox 446 3760 484 3825; x_wconf 90' lang='lat' dir='ltr'><strong>in</strong></span> <span class='ocrx_word' id='word_1_260' title='bbox 497 3757 771 3880; x_wconf 89' lang='lat' dir='ltr'><strong>Peloponnesum</strong></span> <span class='ocrx_word' id='word_1_261' title='bbox 779 3761 952 3842; x_wconf 75' lang='lat' dir='ltr'><strong>miserunt.</strong></span> <span class='ocrx_word' id='word_1_262' title='bbox 997 3763 1090 3832; x_wconf 88' lang='lat' dir='ltr'><strong>Inter</strong></span> <span class='ocrx_word' id='word_1_263' title='bbox 1103 3787 1188 3856; x_wconf 82' lang='lat' dir='ltr'><strong>quos</strong></span> 
     </span>
     <span class='ocr_line' id='line_1_34' title="bbox 143 3862 1189 3959; baseline 0.006 -29"><span class='ocrx_word' id='word_1_264' title='bbox 143 3862 411 3948; x_wconf 87' lang='lat' dir='ltr'><strong>Demosthenes</strong></span> <span class='ocrx_word' id='word_1_265' title='bbox 419 3865 560 3952; x_wconf 76' lang='lat' dir='ltr'><strong>graviter</strong></span> <span class='ocrx_word' id='word_1_266' title='bbox 581 3865 619 3928; x_wconf 92' lang='lat' dir='ltr'><strong>in</strong></span> <span class='ocrx_word' id='word_1_267' title='bbox 642 3885 714 3944; x_wconf 92' lang='lat' dir='ltr'><strong>eos,</strong></span> <span class='ocrx_word' id='word_1_268' title='bbox 747 3866 811 3955; x_wconf 89' lang='lat' dir='ltr'><strong>qui</strong></span> <span class='ocrx_word' id='word_1_269' title='bbox 834 3864 987 3958; x_wconf 90' lang='lat' dir='ltr'><strong>Philippi</strong></span> <span class='ocrx_word' id='word_1_270' title='bbox 1016 3884 1128 3959; x_wconf 86' lang='lat' dir='ltr'><strong>partes</strong></span> <span class='ocrx_word' id='word_1_271' title='bbox 1148 3869 1189 3937; x_wconf 88' lang='lat' dir='ltr'><strong>iu</strong></span> 
     </span>
     <span class='ocr_line' id='line_1_35' title="bbox 143 3965 1189 4066; baseline 0.003 -30"><span class='ocrx_word' id='word_1_272' title='bbox 143 3967 376 4060; x_wconf 90' lang='lat' dir='ltr'><strong>Peloponneso</strong></span> <span class='ocrx_word' id='word_1_273' title='bbox 400 3966 604 4052; x_wconf 83' lang='lat' dir='ltr'><strong>foverent,</strong></span> <span class='ocrx_word' id='word_1_274' title='bbox 594 3989 763 4037; x_wconf 80' lang='lat' dir='ltr'><strong>invectum</strong></span> <span class='ocrx_word' id='word_1_275' title='bbox 790 3991 825 4033; x_wconf 89' lang='lat' dir='ltr'><strong>se</strong></span> <span class='ocrx_word' id='word_1_276' title='bbox 856 3965 1074 4041; x_wconf 86' lang='lat' dir='ltr'><strong>admonuisse</strong></span> <span class='ocrx_word' id='word_1_277' title='bbox 1087 3972 1189 4066; x_wconf 84' lang='lat' dir='ltr'><strong>Argi</strong></span> 
     </span>
     <span class='ocr_line' id='line_1_36' title="bbox 145 4053 1292 4199; baseline 0.007 -59"><span class='ocrx_word' id='word_1_278' title='bbox 145 4095 203 4140; x_wconf 88' lang='lat' dir='ltr'><strong>vos</strong></span> <span class='ocrx_word' id='word_1_279' title='bbox 208 4072 478 4177; x_wconf 79' lang='lat' dir='ltr'><strong>lllesseniosque</strong></span> <span class='ocrx_word' id='word_1_280' title='bbox 493 4053 727 4192; x_wconf 79' lang='lat' dir='ltr'><strong>iraudrdeutac</strong></span> <span class='ocrx_word' id='word_1_281' title='bbox 749 4071 903 4164; x_wconf 89' lang='lat' dir='ltr'><strong>Philippi</strong></span> <span class='ocrx_word' id='word_1_282' title='bbox 922 4073 1188 4199; x_wconf 77' lang='lat' dir='ltr'><strong>machinationis,</strong></span> <span class='ocrx_word' id='word_1_283' title='bbox 1288 4160 1292 4167; x_wconf 20' lang='lat'>²</span> 
     </span>
    </p>
   </div>
   <div class='ocr_carea' id='block_1_2' title="bbox 0 0 1333 4672">
    <p class='ocr_par' dir='ltr' id='par_1_6' title="bbox 0 0 1333 4672">
     <span class='ocr_line' id='line_1_37' title="bbox 0 0 1333 4672; baseline 0 0"><span class='ocrx_word' id='word_1_284' title='bbox 0 0 1333 4672; x_wconf 95' lang='lat' dir='ltr'><strong> </strong></span> 
     </span>
    </p>
   </div>
  </div>
 </body>
</html>
