2594 4672
634 271 817 384 L,

232 440 242 448 ’
283 442 375 533 Quae
399 467 502 535 quum
525 445 570 510 ita
593 443 669 521 sint,
693 469 800 536 quum
822 446 1019 538 praesertim
1036 429 1238 541 interpretes

195 549 307 614 minus
334 550 543 638 respexerint
571 547 613 614 ad
642 545 873 615 illustrandam
895 566 1083 642 temporum
1106 575 1237 620 rerum-

195 674 260 743 que
289 669 468 742 gestarum*
490 653 672 733 rationem,
707 653 830 744 quibus
861 671 974 719 tamen
1004 656 1163 721 orationis
1193 651 1237 721 de

195 779 317 822 corona
344 758 498 821 universa
520 757 589 821 lere
619 755 809 823 continetur
830 759 977 838 materia,
1005 759 1081 825 satis
1104 761 1238 850 exposi-

195 877 266 926 tum
293 859 345 924 his
375 875 407 924 et
436 858 608 959 defensum
637 884 706 925 esse
738 883 854 926 censeo
888 859 1056 953 singulare
1083 880 1238 945 nostrum

195 965 450 1031 commentarios
481 965 519 1028 in
550 964 773 1054 gravissimam
801 962 893 1029 illam
921 967 1105 1033 orationem
1131 966 1238 1034 histo-

192 1069 281 1135 ricos
309 1084 344 1133 et
372 1066 625 1158 chronologicos
656 1066 890 1135 conscribendi
921 1069 1108 1149 consilium.
1161 1062 1252 1154 Quox

107 1252 110 1257 .
189 1172 323 1262 ‘assequi
364 1169 401 1234 id
441 1171 690 1254 contendimus,
738 1191 777 1239 ut
816 1196 902 1264 quae
939 1197 977 1241 ea
1012 1175 1051 1260 in
1087 1175 1238 1242 oratione

192 1265 496 1341 sacta'referantur
526 1298 584 1340 seu
612 1275 806 1357 afferantur,
837 1279 913 1343 sive·
934 1278 976 1343 ab
1004 1295 1133 1347 oratore
1162 1280 1236 1370 ipso

194 1379 462 1457 commemorata,
485 1403 544 1444 seu
568 1377 609 1445 ad
631 1381 769 1472 publica
791 1400 1008 1448 monumenta
1023 1384 1236 1473 pertinentia,

194 1501 409 1565 cunctatum
430 1482 585 1548 historiae
606 1483 679 1552 face
702 1486 955 1567 collustrentur,
978 1503 1051 1551 tum
1072 1487 1131 1552 suo
1154 1508 1240 1576 q'uo-

194 1611 261 1679 que
284 1605 433 1680 tempore
456 1604 617 1679 quantum
638 1592 743 1682 possit
764 1591 1009 1655 accuratissime
1036 1588 1239 1656 constituan-
1277 1600 1279 1603 ’

192 1698 257 1773 tur,
281 1690 525 1784 discrepantiae
549 1691 763 1784 dissipentur,
786 1690 868 1757 nodi
889 1690 1130 1783 chronologici,
1153 1715 1239 1785 quo-

191 1818 268 1861 rum
300 1795 364 1860 hac
392 1798 427 1859 in
459 1796 610 1860 oratione
638 1793 731 1858 sedes
761 1811 809 1859 est
837 1795 1039 1885 praecipuast,
1067 1795 1238 1864 solvantur

194 1916 251 1965 aut
274 1898 500 1989 explicentur,
524 1898 673 1962 obscuris
695 1896 753 1962 lux
776 1898 902 1979 affluat,
933 1899 1087 1968 confusis*
1106 1919 1139 1968 et
1158 1924 1239 1998 per-

135 2008 138 2013 ’
192 2003 332 2069 turbatis
355 2000 491 2068 accedat
512 1997 595 2069 ordo
619 2015 651 2066 et
672 2002 902 2092 perspicuitas.

280 2211 434 2296 Quorum
469 2211 620 2278 omnium
646 2205 750 2276 multa
782 2211 852 2277 iam
879 2208 1018 2304 quidem
1047 2211 1120 2280 aliis
1153 2212 1237 2281 loeis

126 2394 128 2403 Ι
191 2330 316 2382 tentata
337 2332 608 2407 perscrutataqne
629 2332 708 2380 sunt
738 2314 779 2379 ab
803 2315 876 2382 aliis
897 2317 976 2383 viris
999 2315 1121 2400 doctis,
1153 2343 1238 2412 quo-

190 2438 267 2484 rum
282 2420 487 2515 praecipuos
508 2421 684 2486 nominare
707 2417 816 2484 adhuc
840 2437 974 2502 teneor,
996 2446 1041 2487 ne
1064 2421 1236 2488 occultatis

193 2520 334 2595 aliorum
356 2525 484 2590 meritis
505 2525 777 2616 primaoperosi
806 2522 928 2590 laboris
957 2519 1106 2615 praemia
1134 2550 1238 2618 appe-

191 2645 261 2693 tere
283 2626 407 2694 videar.
455 2627 554 2710 Quod
583 2625 626 2691 ad
658 2650 710 2692 res
739 2629 855 2693 attinet
877 2626 1028 2721 Philippi
1055 2645 1158 2696 aetate
1180 2654 1238 2721 ge-

89 2764 92 2772 ·
191 2740 254 2798 stas
262 2781 272 2811 ‚
296 2728 389 2797 dolui
418 2730 699 2797 Lucchesinianos
723 2733 979 2798 commentarios
1012 2734 1050 2799 in
1072 2736 1236 2824 orationes

86 2843 92 2850 '
191 2833 234 2900 de
256 2833 432 2927 republica
465 2835 509 2900 ad
529 2858 646 2901 manus
668 2857 724 2899 me
744 2859 815 2901 non
835 2834 1008 2918 hahuisse,
1042 2861 1149 2928 quum
1176 2837 1238 2906 diu

191 2940 355 3030 quaesitos
367 2940 411 3007 oh
426 2939 594 3028 raritatem
605 2937 686 3005 libri
698 2941 871 3030 acquirere
881 2962 952 3032 non
965 2943 1144 3032 potuerim.
1169 2943 1238 3027 Qui

190 3058 300 3108 tamen
315 3065 353 3110 eo
377 3066 454 3111 usus
477 3060 535 3124 est,
554 3042 710 3124 iacobsii,
733 3043 972 3136 elegantissimi
989 3045 1064 3126 viri,
1086 3049 1236 3138 copiosas

190 3145 429 3214 adnotationes
450 3145 495 3234 ad
516 3171 582 3214 mr.
606 3145 648 3214 de
670 3171 741 3241 rep.
763 3148 872 3240 patrio
906 3171 1060 3216 sermone
1089 3150 1236 3220 redditas

57 3324 65 3340 ,
145 3340 161 3346 μ
191 3248 336 3338 multum
357 3252 443 3318 mihi
465 3251 603 3343 singulis
636 3253 675 3343 in
697 3250 946 3319 difficultatibus
973 3251 1059 3319 lueis
1088 3255 1236 3338 attulisse

77 3441 87 3450 ·
189 3352 335 3422 libenter
357 3357 519 3448 gratoque
549 3358 662 3422 animo
681 3355 861 3448 profiteor.
912 3354 981 3422 Sed
1012 3358 1050 3422 in
1076 3356 1128 3425 his
1151 3385 1237 3452 quo-

131 3456 137 3465 ’
188 3483 260 3551 ¹qne
281 3460 501 3533 remanebant
520 3459 643 3540 multa,
666 3484 751 3552 quae
773 3483 873 3526 novas
895 3484 989 3527 curas
1011 3484 1234 3553 reposcerent.

190 3563 230 3629 In
247 3549 498 3652 chronologicas
514 3561 721 3630 difficultates
733 3582 766 3631 et
777 3561 1015 3657 discrepantias
1026 3590 1116 3634 unus
1131 3570 1237 3638 inter-

188 3685 323 3761 pretum
336 3667 500 3760 Taylorus
524 3692 647 3760 operae
658 3666 879 3761 'aliquantum
897 3670 1075 3764 impendit
1110 3675 1234 3742 Maiori

189 3792 269 3839 cura
291 3789 324 3840 et
347 3771 519 3866 diligentia
542 3770 762 3864 chronologos
784 3774 823 3843 in
842 3772 907 3842 hae
929 3792 1037 3843 arena
1050 3777 1235 3873 vires-suas

189 3878 375 3945 exercuisse
403 3901 480 3970 per
497 3902 532 3944 se
555 3894 824 3945 ‚consentaneum
850 3894 910 3949 est.
967 3886 1128 3983 Quprum·
1147 3894 1235 3973 prae

191 3981 308 4058 ceteris
332 3978 483 4064 Corsini,
507 3984 569 4091 qui¹
589 3979 772 4074 Taylorum
788 3990 859 4064 pn
971 3984 1235 4087 *namnetim
