2594 4672
370 266 605 348 ‘'81

60 447 209 541 spatium
230 447 351 515 urbem
372 448 495 515 reversi
517 454 619 519 sunt.¹
644 424 790 515 Demi.
814 470 842 515 c.
865 471 901 540 p.
924 448 997 538 359.
1043 449 1108 516 Hic

61 550 307 619 Demosthenes
337 550 538 621 Aeschinem
572 571 606 620 et
626 551 852 620 Philocratem
873 551 1108 635 Athenienses,

57 655 107 722 tle
128 654 282 748 Philippi
310 647 354 720 ad
376 652 620 748 Thermopylas
648 655 792 723 adventu
820 653 990 738 sollicitos,
1020 656 1109 725 male

59 752 261 828 renunciata
282 757 447 849 legatione
469 775 503 825 et
529 760 620 825 vanis
649 759 820 851 promissis
853 757 1022 851 decepisse
1044 762 1128 828 cri-¹

59 864 218 931 minatur.
266 861 464 956 Philippum
496 863 587 928 enim
617 861 746 930 dicebat
773 860 956 930 Aeschines
987 859 1118 930 talibus

61 965 209 1036 consiliis
238 967 305 1048 uti,
335 991 421 1059 quae
442 991 562 1058 magna
591 965 798 1059 reipublicae
826 964 1001 1033 commoda
1031 992 1110 1042 mox

58 1072 175 1141 forent
202 1068 349 1137 allatura.
401 1071 479 1139 Non
510 1070 552 1136 ad
574 1070 800 1138 Phocensium
829 1072 920 1136 enim
943 1070 1109 1139 excidium

59 1173 265 1267 Philippum
285 1176 416 1256 venire,
447 1172 506 1241 sed
536 1172 578 1240 ad
601 1172 801 1242 coercendos
824 1174 1015 1241 Thebanos.
1058 1174 1112 1242 Ne

60 1281 170 1375 igitur
193 1302 271 1345 eum
293 1275 393 1369 Pylas
417 1281 615 1345 cumarmis
637 1280 824 1372 ingressum
846 1279 939 1343 anxie
968 1278 1108 1365 ferrent3

60 1385 226 1454 continuo
250 1382 341 1447 enim
362 1383 533 1448 Boeotiam
555 1381 827 1447 a·Theban01·um
848 1383 1003 1448 servitute
1024 1381 1110 1449 libe-

60 1505 181 1568 ratam,
204 1484 368 1577 Thespias
396 1484 610 1577 Plataeusque
639 1487 804 1578 restitutas
832 1487 1028 1552 nunciatum
1049 1488 1108 1572 iri3

65 1592 215 1685 denique
240 1586 401 1682 'Oropum
431 1588 644 1655 redditurum
676 1590 722 1656 eis
742 1589 941 1682 Philippum
970 1615 1039 1657 esse
1061 1589 1124 1657 as·¹

64 1696 227 1763 firmabat.
274 1694 358 1760 Istae
387 1696 479 1760 enim
506 1711 599 1760 erant
621 1717 738 1760 causae
761 1691 830 1760 odii
850 1692 1108 1761 Atheniensium

62 1803 103 1869 in
123 1798 309 1866 Thebanos.
361 1797 603 1865 Demosthenes
634 1822 712 1866 uero
736 1787 852 1890 ‘quum
885 1801 1106 1881 assurrexerit,

62 1922 98 1972 et
119 1927 257 1970 monere
278 1901 446 1995 populum
469 1920 605 1969 conatus
628 1904 685 1984 sit,
715 1925 759 1968 ne
789 1901 881 1969 vanis
909 1926 943 1968 se
964 1904 1108 1995 promis-

61 2011 110 2076 sis
132 2006 245 2100 decipi
274 2008 412 2088 sineret‚
446 2008 615 2101 invectum
645 2009 682 2074 in
715 2030 750 2073 sc
773 2006 997 2074 Philocratem
1018 2025 1117 2074 tanta·
1195 2066 1196 2069 ,

61 2111 222 2205 superbia
244 2135 312 2177 esse
333 2110 446 2192 refert,
468 2127 507 2176 ut
528 2111 600 2202 ipse
633 2112 702 2178 iam
724 2108 873 2204 explosus
896 2112 1106 2179 conticuerit.

61 2218 109 2284 V.
141 2215 239 2280 Dcm.
271 2242 303 2308 ιι.
331 2239 470 2303 παραπρ.
501 2239 536 2307 p.
561 2215 784 2307 346sqq.-
813 2217 945 2314 p.5.33
974 2217 1106 2306 p.5.35

67 2315 121 2385 Cf
143 2339 191 2384 or.
216 2315 260 2382 de
281 2339 419 2409 pacep.
443 2321 493 2408 59.
537 2316 624 2385 Phil.
648 2318 692 2400 11,
714 2344 748 2414 p.
771 2341 814 2411 72
836 2344 885 2412 sq.
894 2321 926 2409 *)

156 2419 206 2487 Ita
227 2442 304 2486 vero
326 2418 499 2488 iallacibus
528 2420 714 2516 legatorum
741 2425 913 2516 promissis
942 2424 1107 2514 intempe-

63 2524 150 2591 stive
172 2522 318 2590 confisus
338 2522 485 2616 populus
513 2549 582 2592 non
604 2527 714 2594 solum
739 2528 782 2594 ad
803 2523 983 2620 Philippi
974 2545 1109 2618 incepta

63 2631 219 2720 quietum
241 2650 311 2694 sese
334 2629 479 2711 tenebat,
503 2629 562 2696 sed
584 2630 755 2699 decretum
785 2634 884 2699 etiam
911 2629 1107 2697 Philocratis
1216 2694 1218 2698 ,

62 2749 174 2798 ratum
197 2755 266 2798 esse
288 2732 398 2814 iussit,
428 2733 466 2800 in
488 2759 555 2827 quo
577 2738 728 2829 primum
748 2760 814 2830 pax
836 2735 937 2803 modo
960 2736 1043 2801 inita
1065 2732 1107 2801 ad

62 2853 214 2930 posteros
238 2859 343 2928 usque
366 2854 495 2904 extensu
518 2857 576 2920 est,
600 2837 722 2915 deinde
745 2864 830 2933 quae
853 2838 1029 2933 Philippus
1052 2864 1109 2931 aga·

10 2963 13 2967 ·
63 2963 194 3032 gressus
226 2958 328 3022 esset,
367 2937 500 3008 laudata
528 2945 826 3036 comprobataque,
855 2943 1002 3033 denique
1025 2942 1107 3010 haec

63 3061 194 3112 exarata
215 3060 306 3110 sunt:
335 3043 389 3112 ἐὰν
409 3036 454 3132 μὴ
482 3055 592 3112 ποιῶσι
618 3053 737 3132 Φωκεῖς
763 3048 783 3112 ἃ
806 3051 865 3127 δεῖ,
894 3049 944 3110 καὶ
972 3050 1109 3133 παραδι·
1156 3126 1157 3130 ¹

61 3152 143 3216 δῶσι
164 3158 231 3226 τοῖς
252 3147 453 3238 Ἀμφικτύοσι
481 3150 517 3217 τὸ
540 3150 639 3239 ἱερόν,
671 3151 720 3216 ὅτι
740 3149 897 3236 βοηθήσει
924 3147 941 3216 ὁ
970 3147 1107 3236 δῆμοςό

59 3327 378 3346 m

86 3483 90 3494 ·
151 3448 280 3511 ciliandis
301 3450 474 3513 Halensium'
492 3465 520 3513 et
541 3451 751 3522 Pharsaliorum
779 3451 932 3512 inimicitiis
959 3451 1107 3538 sdiutores

151 3549 255 3600 essent.
295 3540 381 3600 Dem.
403 3539 423 3600 l.
444 3559 470 3602 o.
514 3561 545 3622 p.
570 3541 642 3599 352.

106 3653 257 3736 pheses.
288 3682 321 3722 π.
350 3680 489 3743 παραπρ.
517 3684 549 3743 p.
572 3653 615 3739 titi
648 3661 686 3720 iu.
716 3663 897 3722 renunciasse
931 3681 961 3722 sc
993 3660 1106 3745 populo

153 3745 254 3805 eadem
277 3747 355 3824 dicit,
378 3768 453 3830 quae
476 3750 504 3806 in
527 3747 698 3808 Macedonia
721 3747 757 3808 ad
779 3748 947 3830 Philippum
976 3768 1108 3831 pronun*

151 3833 266 3893 ciesset:
290 3855 417 3916 aequum
438 3856 542 3916 nempe
565 3833 620 3894 sibi
649 3833 756 3912 videri,
786 3851 819 3894 ιιι
846 3835 965 3896 Thebae
987 3835 1108 3894 Boeotia
1147 3894 1148 3898 ,

87 3961 89 3966 ·
153 3931 257 3997 essent,
278 3941 337 3979 non
358 3921 478 3981 Boeotia
506 3921 691 3981 Thebae-
647 3943 833 4024 *prorsus
855 3923 959 3982 leniter
992 3935 1021 3980 et
1048 3920 1108 3978 ele

91 4001 267 4088 gumein
291 4004 344 4065 sed
366 4027 405 4067 eo
423 4008 488 4090 ipso
510 4009 712 4070 Demosthenis
733 4010 956 4070 criminationem
978 4004 1107 4092 apprime

152 4089 310 4155 confirmat.
883 4135 886 4138 -
