2594 4672
571 228 728 334 ..Q
774 220 777 225 .

129 395 243 487 gionm
273 394 444 463 invasisset
481 394 676 490 Philippus,
719 395 961 488 Bpnautiosqne
1000 415 1168 490 aggressus

129 515 228 566 esset:
253 496 294 564 de
317 521 385 567 cor.
407 522 441 588 p.
466 500 546 585 248,
570 503 648 585 252,
681 516 715 566 et
741 524 776 591 p.
796 499 872 584 254
900 499 953 567 his
982 492 1169 590 clarissimis

127 598 380 683 verbist‘iarudal
403 600 507 668 τοίνυν
527 600 560 667 ἔκ
580 608 638 687 τῆς
650 602 789 683 Εὖβοίας
812 599 828 667 ὅ
855 603 1010 679 Φίλιππος
1030 605 1168 688 ἐξηλάθη

127 715 172 756 -’-
194 705 304 792 {tepor
325 702 406 776 κατὰ
432 710 488 786 τῆς
514 703 632 781 πόλεως
659 703 865 787 ἐπιτειχισμὸν
887 701 999 788 ἐζήτει·
1022 741 1065 754 -·-
1086 732 1169 791 παρ-

127 806 232 876 ελθὼν
253 807 307 877 ἐπὶ,
326 805 455 900 Θρᾴκης
474 808 666 888 Βυζαντίους
686 843 730 857 ·-
751 805 930 891 ἐπολιόρκει.
975 806 1170 896 Byzantium
1202 838 1204 840 ’

126 934 206 978 vero
229 906 381 1002 Philippi
410 908 657 1002 expeditionem
678 908 818 1004 Olymp.
842 908 940 989 clx,
962 907 984 994 4
1006 910 1169 1002 incepisse

128 1015 213 1092 locis
250 1015 401 1106 proxime
437 1014 659 1105 sequentibus
703 1032 855 1080 accurate
897 1013 1166 1105 monstrabimus.

128 1115 230 1203 Quod
250 1120 279 1184 si
308 1118 354 1183 ita
375 1139 412 1183 se
431 1116 541 1212 hebet,
562 1118 822 1185 Atheniensium
843 1114 920 1183 illae
942 1114 1167 1209 expeditiones
1288 1102 1290 1108 ⁸

126 1222 296 1300 Euboicae
319 1235 376 1286 aut
395 1219 532 1311 Olymp.
558 1219 741 1288 CIX'anni
763 1219 983 1311 adhuotertii
1001 1243 1089 1301 vere,
1112 1239 1168 1289 aut

127 1324 283 1417 sequenti
304 1339 425 1391 aestate
446 1326 599 1416 inceptae
621 1327 699 1406 sint,
721 1348 854 1392 necesse
884 1341 942 1390 est.
988 1324 1166 1412 Consertae
1285 1393 1287 1397 ,

126 1448 206 1498 sunt
227 1445 406 1496 auctumno
426 1426 483 1495 Ol.
499 1428 588 1508 CIX,
609 1427 640 1514 4.
684 1427 867 1509 Decretum
880 1430 971 1496 enim
984 1430 1166 1521 Aristonici

127 1535 182 1610 dex
194 1531 386 1601 coronando
403 1531 628 1600 Demosthene
649 1533 819 1624 proximae
839 1530 957 1597 hiemis
970 1529 1171 1627 Gamelione

122 1638 234 1706 -latum
257 1655 315 1719 est,
337 1636 473 1703 Euboea
502 1638 697 1729 nuperrime
718 1635 972 1728 liberata,gergo
997 1634 1051 1701 01.
1064 1635 1166 1721 clx,

124 1743 159 1829 4,
181 1741 338 1818 archonte
361 1763 528 1833 eponymo
554 1739 768 1833 Nicomacho,
789 1764 859 1810 nou
883 1763 932 1821 eo,
955 1740 1015 1833 qui
1028 1739 1165 1817 vdecreto

124 1846 373 1940 praefixus'est,
397 1844 606 1914 Chaeronda.
711 1838 714 1843 ⁴

125 2081 156 2147 7
167 2055 591 2250 Elpedldonislliyzantiae
613 2163 698 2229 ratio
722 2177 754 2269 et
777 2160 926 2252 tempora
947 2155 1163 2229 illustrantur.

95 2289 97 2294 '
213 2280 306 2347 Inter
327 2279 410 2346 haec
423 2281 541 2370 agitur
1011 2328 1014 2332 -

124 2386 158 2451 8.
203 2379 245 2448 de
277 2398 428 2475 tempore
457 2380 668 2450 decretorum
693 2383 819 2450 Eubuli
849 2402 882 2450 et
902 2339 1163 2478 Aristophontis,

170 2510 256 2577 quae
278 2503 459 2579 exstantp.
483 2487 547 2576 249
569 2512 619 2580 sq.
947 2552 950 2560 ,

492 2592 804 2647 cumeae-oxa.
860 2633 862 2639 ,
947 2605 991 2666 ,ι

213 2649 373 2770 Expulsis
402 2678 540 2746 Euboea
569 2679 730 2771 tyrannis
749 2676 970 2771 Philippum„
990 2679 1029 2745 in
1057 2675 1166 2754 Thra-

103 2784 211 2850 ¹ciam
237 2781 441 2874 profectum,
475 2780 763 2874 opulentissimam
789 2784 828 2858 in
859 2806 919 2850 ora
950 2781 1165 2875 Propontidis
1256 2786 1265 2834 ἶ

123 2886 260 2967 urbem,
290 2888 504 2977 Byzantium,
541 2907 727 2980 expugnare
755 2903 914 2968 conatum
940 2909 1010 2953 esse
1040 2885 1167 2976 Demo·
1201 2879 1205 2891 ¹

123 2989 255 3057 sthenes
288 2989 401 3066 refert.
451 2991 568 3084 ltaque
596 3009 673 3082 post
704 3008 855 3082 pacatam
882 2988 994 3056 medio
1026 2987 1165 3081 Olymp.

124 3093 206 3170 CIX
236 3120 264 3159 a.
287 3095 318 3180 4.
340 3092 512 3164 Euboeam
533 3097 632 3162 missa
653 3111 731 3160 sunt
756 3093 1015 3161 Atheniensium
1042 3091 1168 3177 auxilia

124 3221 173 3279 ea,
197 3199 320 3290 quibus
343 3197 521 3290 depulsum
543 3199 584 3263 ab
606 3197 675 3264 illis
708 3220 844 3289 quoque
865 3196 1067 3288 regionibus
1085 3195 1167 3262 Pbi-

123 3300 258 3394 lippum
285 3301 578 3394 liberatosqueab
537 3303 760 3367 aoextremis
791 3299 950 3421 periculis
978 3302 1165 3394 Byzantios,

123 3405 329 3486 Perinthios,
361 3405 610 3473 Chersonesitas
641 3430 698 3471 sua
730 3407 943 3520 potissimum
970 3429 1071 3498 opera
1096 3429 1165 3471 esse

122 3509 365 3577 Demosthenes
386 3510 556 3599 gloriatur.

115 3640 117 3648 ·
210 3613 460 3680 Accuratiorem
491 3637 605 3679 retum
634 3613 686 3678 his
717 3614 913 3704 regionibus
943 3639 981 3680 eo
1016 3628 1165 3706 tempolc

124 3730 291 3805 gestarum
325 3717 497 3783 historiam
532 3715 749 3808 suppeditant
774 3715 923 3784 *Diodor
954 3718 988 3784 S.
1019 3716 1041 3782 l.
1070 3716 1164 3798 XVI,

122 3820 262 3910 Dionys.
286 3819 327 3884 H.
350 3823 385 3884 in
409 3823 502 3912 epist.
531 3819 573 3898 ad
596 3821 706 3886 Amm.
736 3821 851 3912 ibique
879 3822 1064 3912 fragmenta
1086 3822 1165 3911 Plri-

122 3922 264 4004 lothori,
288 3922 436 4014 denique
459 3925 691 3990 Demosthenis
719 3927 912 4015 praesertim
935 3923 1100 3991 orationes
1123 3923 1166 3990 de

126 4026 336 4096 Chersoneso
367 4045 400 4095 et
431 4025 501 4113 adv.
535 4028 682 4122 Philipp.
712 4030 760 4095 ΙΙΙ
769 4081 780 4114 ,¹
800 4028 858 4110 tv,
883 4028 1100 4127 Philippique
1124 4027 1193 4130 ad⁴
1254 4102 1256 4105 ,
