2594 4672
506 285 664 390 ..Q
737 277 741 292 „

14 462 37 532 J
60 449 161 520 nohis
182 447 376 536 brevissime
397 472 450 517 res
469 451 537 518 'erit
558 447 773 543 expedienda.
819 449 1022 520 Confirmari
1043 452 1107 546 igi·
1194 511 1196 515 ,

15 588 19 615 .-
61 575 119 624 tur
139 551 295 645 Dionysii
317 548 547 622 testimonium
569 578 609 622 eo
622 552 765 639 videtur,
788 556 882 648 quod
902 558 939 622 in
955 559 1106 627 oratione

56 656 124 726 ille
144 674 245 725 notus
266 651 323 722 ille
343 658 528 733 ‚verborum
556 657 650 726 lusus
672 660 833 728 occurrit:
862 660 902 728 ἄν
921 687 957 729 τε
977 661 1105 749 λάβητε,

56 761 102 829 ἄν
130 763 158 828 τ’
186 758 365 847 ἀπολάβητε
393 764 443 855 (p.
467 763 541 853 78),
573 787 640 855 quo
668 762 849 857 Philippus
878 763 1049 858 explosum
1070 788 1106 833 se
1220 762 1234 771 ⁹

47 887 132 935 -esse
152 869 193 932 ah
208 865 395 932 oratoribus
415 865 526 950 refert,
547 886 729 960 postquam
742 864 822 934 dare
841 866 984 934 insulam
1000 869 1106 937 Athe-

57 969 236 1059 niensibus
249 965 424 1038 voluisset.
468 972 512 1038 Et
539 969 660 1038 iisdem
689 972 759 1038 fere
780 971 890 1038 verbis
912 996 1011 1038 usum
1034 997 1104 1039 esse
1125 1026 1130 1039 ,

16 1163 20 1170 ⁴
59 1072 326 1142 Demosthenem
349 1074 534 1143 Aeschines
567 1076 691 1168 arguit:
719 1079 747 1143 ei
776 1073 817 1141 δ”
835 1076 1005 1158 ἐπιτρέπειν
1027 1077 1106 1166 (Φί-
1223 1162 1225 1172 γ

58 1181 189 1264 λιππος)
211 1178 316 1245 ἐθέλοι
336 1176 423 1245 πόλει
445 1182 503 1246 τινὶ
524 1179 577 1268 ἴσῃ
598 1182 649 1246 καὶ
666 1177 767 1272 ὁμοίᾳ
787 1182 930 1267 περὶτῶν
951 1180 1106 1266 ἔγκλημά·

58 1305 136 1364 των,
159 1280 217 1347 οὖν
239 1277 316 1346 εἶναι
336 1282 444 1369 κριτὴν
465 1283 534 1350 ἴσον
554 1281 629 1368 ἡμῖν
655 1283 714 1372 ξ’φη
743 1285 794 1364 noti
820 1285 974 1374 Φιλίππῳ.
1013 1281 1122 1350 Ἁλό·7

58 1386 159 1470 moos·
184 1386 305 1452 ἐδίδου·
336 1382 404 1451 dd’
433 1386 604 1474 ἀπηγόρευε
629 1386 674 1473 μὴ
695 1385 881 1469 λαμβάνειν,
914 1389 941 1452 εἰ
967 1388 1104 1469 δίδωσιν,

46 1475 143 1556 ’ἀλλὰ
162 1487 207 1576 μὴ
230 1487 413 1572 ἀποδίδωσι,
437 1492 506 1577 περὶ
528 1496 693 1574 συλλαβῶν
706 1488 937 1578 διαφερόμενος.
959 1490 998 1555 in
1015 1490 1103 1556 Ctes.

57 1617 98 1687 p.
130 1591 185 1662 65.
236 1588 293 1679 Ad
326 1615 429 1683 quem
461 1591 575 1660 locum
602 1592 766 1685 Teylorus
800 1590 939 1658 aliorum
968 1616 1104 1686 quoque
1215 1584 1225 1656 s
1259 1622 1261 1626 ·

59 1712 236 1765 auctorum
257 1689 448 1763 testimonie
475 1696 599 1779 attulit,
637 1699 698 1790 qui
727 1720 766 1763 re
794 1720 872 1763 vere
899 1696 1024 1762 verbis.
1038 1695 1104 1763 illis

56 1798 178 1869 lusisse
205 1797 468 1867 Demosthenem
494 1802 733 1894 comprobent3
763 1802 853 1867 inter
880 1801 936 1867 eos
964 1802 1104 1868 maxime
1134 1849 1137 1853 ‚

56 1902 277 1999 Pluton-chum
307 1903 387 1992 (vita
413 1904 586 1972 Demosth.
617 1930 645 1973 c.
667 1906 722 1996 9),
753 1905 814 1997 qui
844 1922 976 1996 sumpta
1004 1907 1104 1971 verbu

56 2007 120 2076 illa
140 2031 210 2074 esse
222 2005 324 2093 refert
346 2009 547 2076 exoratione
567 2007 646 2099 ὑπὲρ
663 2007 844 2096 Ἆλονήσοιι,
867 2007 908 2093 ἣν
923 2008 1104 2095 Ἀθηναίοις

55 2112 273 2201 Δημοσθένης
294 2111 513 2195 συνεβούλευσε
533 2113 578 2199 μὴ
605 2112 789 2199 λαμβάνειν,
820 2113 886 2179 ἀλλ’
914 2110 1105 2198 ἀπολαμβά-

59 2240 137 2282 νειν.
184 2213 283 2289 Ἠεεο
316 2215 418 2305 igitur
452 2234 647 2306 argumenta
681 2214 854 2294 vindicare
883 2216 1104 2285 Demostheni
1209 2258 1216 2271 =

61 2316 243 2408 cretionem
275 2317 371 2385 illem
398 2317 563 2385 videntur.
618 2312 718 2405 Quod
744 2337 855 2387 tamen
877 2337 1012 2387 utvere
1035 2318 1105 2385 effi·
1155 2333 1156 2336 ’

60 2420 170 2504 cient,
197 2422 355 2491 multum¹
369 2422 470 2489 obest.
519 2421 639 2515 Neque
672 2425 765 2490 enim
792 2421 887 2489 eliud
917 2421 1104 2515 quidquam

59 2527 275 2620 comprobari
303 2529 351 2593 eis
377 2526 491 2609 video,
509 2552 622 2619 'quem
648 2528 912 2596 Demosthenem
937 2524 979 2592 de
1000 2525 1103 2594 Helo·

59 2618 143 2700 neso
165 2656 185 2698 a
206 2630 368 2725 Philippo
389 2648 541 2725 surrepta
561 2631 663 2700 verba
685 2629 729 2699 ed
746 2631 966 2699 Athenienses
977 2630 1116 2711 fecisse,
1165 2625 1170 2634 ’
1210 2701 1211 2704 ,

58 2753 95 2804 et
123 2734 168 2829 eb
193 2737 275 2829 ipso
313 2759 411 2830 posse
448 2734 560 2802 lusum
590 2734 687 2803 illum
719 2740 898 2804 verborum
928 2758 998 2802 esse
1015 2735 1103 2826 pri·
1170 2816 1172 2824 ⁴

10 2905 13 2914 ‚
57 2859 156 2907 mum
182 2839 382 2934 profectum,
412 2864 515 2933 quem
544 2858 656 2908 temen
678 2841 859 2934 quominus
881 2835 938 2906 alii
966 2861 1103 2931 quoque

58 2942 207 3033 oratores
234 2945 438 3037 arripuerint
457 2947 733 3038 repetierintque,
749 2961 929 3038 postquam
940 2940 1102 3036 placuisse

57 3071 138 3141 sum
158 3047 420 3116 Atheniensibus
443 3048 701 3129 intellexissent,
723 3047 811 3115 nihil
835 3063 901 3126 est,
924 3042 1018 3136 quod
1039 3043 1103 3109 im-

54 3150 184 3246 pediat.
214 3156 260 3219 At
271 3177 314 3219 ne
326 3175 497 3246 perorasse
517 3152 657 3246 quidem
671 3148 934 3218 Demosthenem
945 3146 988 3214 de
1001 3144 1103 3216 Halo·
1118 3233 1120 3237 ,

56 3279 140 3324 neso
164 3255 387 3350 concedimus,
410 3277 515 3348 quum
526 3280 636 3348 neque
648 3257 685 3321 in
698 3277 745 3323 or.
760 3250 802 3319 de
816 3252 978 3321 Cherson.
991 3273 1102 3344 neque

54 3360 97 3428 in
117 3357 205 3426 Phil.
229 3361 280 3427 111
295 3385 410 3454 neque
426 3361 463 3426 in
477 3359 540 3426 alia
552 3357 622 3426 ulla
637 3375 718 3426 oret.
731 3375 865 3452 praeter
876 3355 965 3424 hene
979 3355 1021 3422 de
1033 3379 1101 3423 cor.

54 3463 166 3531 ullam
184 3463 425 3534 Demosthenes
445 3463 602 3532 Halonesi
624 3463 722 3535 saciat
736 3462 952 3530 mentionem.
997 3462 1037 3526 In
1052 3483 1100 3528 or.
1228 3493 1230 3499 v

31 3561 102 3636 'de
140 3592 209 3636 cor.
239 3587 349 3636 sutem
377 3567 402 3635 l.
432 3592 462 3636 c.
491 3568 618 3635 decreti
654 3584 743 3634 certe
771 3562 813 3632 de
843 3557 1009 3641 Heloueso
1036 3587 1101 3643 nec

53 3671 118 3740 lati
147 3696 211 3740 nec
238 3673 421 3767 conscripti
449 3669 553 3738 ullam
580 3695 615 3738 se
641 3687 772 3764 partem
797 3667 951 3736 hahuisse
978 3665 1101 3736 diserte

54 3775 246 3873 profitetur.
298 3777 469 3846 Orationis
491 3794 603 3843 tamen
626 3777 714 3857 eius,
738 3798 823 3868 quae
843 3772 945 3842 hodie
968 3768 1010 3838 de
1032 3771 1102 3836 Ha·

54 3878 173 3951 loneso
195 3881 402 3964 inscribitur,
425 3899 541 3948 auctor
559 3903 665 3973 quum
677 3877 849 3948 decretum
862 3899 1007 3970 quoque,
1030 3897 1099 3968 quo

54 3987 252 4079 responsuri
268 3984 488 4052 Athenienses
512 3983 671 4078 Philippo
694 3999 799 4065 erant,
835 3988 1044 4048 eiareturum
1065 4001 1100 4044 se

56 4088 227 4185 diemde
248 4087 370 4169 Halon.
391 4113 427 4183 p.
450 4091 519 4177 88),
540 4091 690 4181 primum
710 4083 749 4154 id
769 4109 833 4154 nec
846 4081 928 4154 adeo
945 4083 1101 4174 exiguum

166 4208 169 4212 .
727 4194 777 4266 9,
