2594 4672
566 234 794 383 L..

124 467 154 511 c.
178 468 213 535 p.
233 445 287 512 38.
332 441 571 516 Demosthenes
593 459 692 534 negat
713 464 748 507 se
769 440 813 507 ad
832 461 952 534 pacem
969 440 1169 508 contrahen-

124 547 204 614 dam
225 543 411 640 quidquam
441 545 622 614 contulisse
649 544 693 611 de
722 569 790 613 cor.
818 572 854 639 p.
888 547 961 614 232.
1006 547 1166 611 Reversus

121 669 237 717 tamen
261 674 300 716 ex
322 647 523 717 Macedonia
544 651 589 737 ita
610 672 645 716 sc
667 650 781 742 gessit,
809 672 945 716 omnem
970 666 1013 737 ,ιιι
1038 672 1107 716 non
1128 650 1168 715 in

124 779 208 846 pace
229 753 313 834 sola,
344 752 403 820 sed
430 756 530 820 etiam
556 756 593 820 in
623 753 758 822 foedere
787 752 999 821 conciliando
1030 776 1167 847 operam

125 882 252 951 ponere
273 856 503 949 videratur)
537 858 656 950 Neque
685 858 723 924 id
744 855 871 936 solum,
901 855 962 924 sed
982 857 1168 926 maturabat

125 964 226 1030 etiam
247 964 339 1055 pacis
358 963 658 1044 confirmationem,
682 958 775 1054 quud
791 962 996 1054 Philippum,
1008 960 1046 1026 in
1059 962 1167 1028 Thra-

126 1069 176 1133 cia
198 1084 383 1133 versantem
413 1086 446 1135 et
462 1068 676 1135 Chersoneso
706 1067 940 1153 imminentem
968 1055 1092 1132 sciebat
1121 1067 1166 1155 (.

124 1194 226 1264 supra
238 1174 334 1257 not).
379 1172 455 1263 Ipse
472 1162 957 1269 veroPhilippus··ar''tiicissima
973 1193 1050 1260 erga
1063 1170 1169 1236 Athe-
1192 1199 1194 1205 ¹
1236 1176 1238 1180 ’

123 1278 258 1342 nienses
281 1273 420 1340 consilia
442 1273 626 1342 simulabat
655 1264 752 1359 Eius
775 1276 866 1341 enim
883 1272 1055 1367 epistolam
1070 1273 1169 1367 legati

123 1380 346 1446 Athenienses
369 1401 406 1444 ex
429 1373 816 1461 Macedonia-”rotulum¹
832 1381 871 1445 in
894 1403 961 1472 qua
981 1378 1169 1446 Athenien-

123 1485 214 1551 sibus
250 1506 315 1575 qua
336 1498 448 1575 posset
467 1483 596 1550 ratione
608 1482 889 1577 (gratificaturum
915 1507 950 1548 se
978 1507 1047 1550 esse
1067 1483 1181 1576 pulli-¹

126 1589 271 1657 cebatur.
329 1586 478 1678 Optahat
494 1579 616 1670 enim}
652 1604 786 1678 praeter
804 1610 932 1679 pacem
966 1604 1005 1654 ut
1032 1586 1170 1655 foedere
1256 1642 1262 1651 .

126 1684 261 1785 quoque
283 1716 361 1759 cum
384 1694 431 1760 eis
453 1693 549 1783 iungi
570 1696 696 1783 posset,
725 1693 830 1784 inqua
858 1688 998 1783 epistola
1017 1693 1168 1784 scripsit:

125 1797 260 1885 ἔγραφον
280 1795 310 1863 δ’
332 1795 372 1862 ἂν
397 1797 449 1863 καὶ
470 1794 657 1885 διαῤῥήδηιι,
688 1791 782 1881 ἡλίκα
802 1793 886 1879 ὑμᾶς
913 1789 948 1862 εὖ
975 1795 1110 1882 ποιήσω,
1141 1797 1170 1865 εἲ

125 1896 158 1968 ab
180 1900 265 1990 ᾔδειν
285 1902 336 1968 καὶ
358 1904 538 1985 συμμαχίαν
558 1925 613 1985 μοι
624 1892 832 1988 γενησομένην
853 1899 967 1987 (Dem.
980 1927 1014 1975 π.
1026 1893 1168 1990 πἀραπρ.

124 2029 159 2096 p.
183 2005 258 2089 354.
281 2026 329 2070 or.
348 2002 394 2070 *de
415 2002 536 2073 Halon.
558 2029 593 2097 p.
617 2001 686 2096 85),
708 2026 778 2095 quo
800 2004 923 2071 certius
945 1994 1169 2072 Athenienses

125 2134 144 2175 a
166 2110 322 2190 societate
344 2131 422 2194 curn
447 2108 684 2187 Phocensibus}
703 2124 878 2175 amoveret.
929 2106 1060 2191 Quibus
1087 2132 1171 2203 pro·

126 2213 234 2278 missis
256 2212 478 2276 Athenienses
502 2208 611 2278 allecti
632 2206 763 2305 facilius
790 2210 891 2278 seed
913 2234 1066 2303 quaeque
1087 2212 1169 2278 Phia
1225 2267 1230 2281 .

126 2313 216 2407 lippi
238 2331 313 2382 vota
336 2312 621 2392 accomodabaut.
647 2314 800 2382 Primum
828 2315 919 2383 enim
940 2314 1092 2410 Philippi
1120 2315 1169 2383 le-

168 2614 196 2698 *)
218 2616 314 2678 Prima
336 2605 425 2694 enim,
448 2638 524 2700 quae
544 2619 666 2679 reversis
696 2638 734 2679 ex
754 2617 927 2679 Macedonia
952 2618 1053 2702 legatis
1073 2619 1170 2682 habita

211 2720 265 2779 est,
289 2705 428 2771 concione
449 2704 540 2764 laetus
568 2703 606 2764 de
634 2719 777 2788 prospero
806 2704 956 2788 legationis
986 2721 1091 2768 eventu
1113 2706 1169 2768 de·

210 2807 322 2852 cretum
344 2791 409 2866 tulit
439 2792 477 2851 de
505 2790 676 2852 coronandis
707 2792 796 2853 etad
818 2812 936 2852 coenam
968 2793 998 2852 iu
1024 2807 1168 2876 prytaneo

168 2946 171 2951 .
212 2877 362 2939 invitandis
383 2878 608 2951 Atheniensium
620 2880 730 2964 legatis,
753 2881 806 2962 qui
827 2900 925 2940 secum
940 2892 1037 2941 cuent
1058 2883 1088 2940 in
1100 2882 1167 2942 Ma·

210 2965 360 3049 cedoniam
373 2965 519 3048 ‘profecta
542 2981 620 3045 tum,
641 2964 755 3039 utzuon
777 2965 815 3026 de
836 2987 909 3049 pace
931 2966 1035 3045 modo,
1067 2987 1169 3030 verum
1222 2984 1223 2988 ’

212 3054 296 3113 etiam
316 3051 496 3134 derfoedere
518 3074 584 3114 cum
609 3051 741 3135 Philippi
765 3052 866 3136 legatis
893 3068 1042 3138 ageretur,
1070 3056 1181 3135 suasit,

211 3134 278 3200 deni
323 3138 392 3199 eid
414 3134 525 3219 effecit,
556 3155 595 3211 ut:
613 3154 729 3216 *matus
750 3139 913 3200 consultum
934 3140 1016 3201 lieret
1038 3140 1076 3202 de
1097 3145 1168 3203 assi*

211 3161 326 3310 gnantfflt)
359 3226 511 3309 spectandiu
539 3223 743 3312 injiDionysiis
770 3226 836 3287 loco
866 3228 942 3310 regis
968 3227 1083 3312 legatis,
1112 3230 1167 3292 ubi

209 3315 336 3375 Athenas
349 3313 501 3375 venissent.
536 3306 650 3390 „Aesch
672 3333 705 3375 π.
728 3332 867 3396 παραπρ.
882 3337 912 3397 p.
931 3312 973 3386 34
989 3337 1035 3398 sq.
1080 3318 1166 3395 Quae

210 3396 304 3479 omnia
330 3396 457 3483 decretis
486 3400 542 3482 ab*
552 3399 694 3462 Aeschine
723 3400 935 3464 confirmantur.
980 3403 1035 3465 Cf.
1070 3427 1114 3464 or.
1136 3406 1167 3464 in

83 3495 107 3517 ⁸
210 3488 289 3549 Ctes.
322 3508 355 3570 p.
383 3492 421 3558 62
441 3487 467 3554 f.
501 3489 558 3566 63,
591 3485 633 3559 64
664 3489 706 3561 in.
760 3486 916 3571 Conspirat
948 3490 1171 3574 quodammodo·

211 3575 420 3636 Demosthenes
449 3575 527 3658 ipse,
541 3572 609 3658 'Abi
639 3573 723 3657 (licit,
760 3594 791 3635 se
818 3577 848 3636 in
885 3577 1074 3639 concionibus
1102 3577 1166 3645 illis,

211 3659 320 3744 quibus
346 3654 384 3722 tle
412 3684 485 3744 pace
511 3661 706 3723 confirmanda
732 3677 875 3745 ageretur,
905 3666 983 3724 omui
1016 3663 1104 3725 modo
1134 3661 1166 3721 id

210 3769 333 3826 curasse,
353 3763 387 3809 ut
407 3747 566 3823 secuudum
582 3750 731 3811 sociorum
753 3749 901 3811 demetam
922 3773 979 3834 pax
997 3772 1091 3834 aequa
1103 3770 1167 3807 om*

210 3834 305 3912 nibus,
326 3829 670 3920 Atheniensibus'jpariter
683 3830 829 3900 'acsoeiis
851 3838 933 3898 fieret
956 3833 1003 3918 (rt.
1025 3849 1164 3916 παραπρ.

210 3942 241 4004 p.
267 3916 359 4003 345),
386 3922 515 4005 Philippi
533 3918 615 3985 ''uero
636 3925 747 4006 legatos
778 3939 839 3984 tum
865 3921 991 4008 hospitio
1019 3916 1164 4004 excepisse

125 4063 127 4066 a
211 4031 261 4083 se,
293 4024 353 4068 turn
381 4009 499 4090 publice
522 4009 643 4071 coluisse
665 4011 818 4072 confitetur
840 4033 906 4072 cum
927 4013 956 4070 in
979 4031 1023 4074 or.
1043 4007 1084 4073 dt
1101 4023 1131 4064 fl

210 4119 241 4178 p.
266 4093 338 4173 234,
359 4109 420 4156 tum
441 4113 474 4157 π.
497 4116 635 4180 supano.
657 4120 688 4180 p.
710 4090 785 4169 Atti.
830 4162 834 4174 ,

551 4279 573 4355 ἰ
