2594 4672
40 443 190 527 -Berliel
214 441 258 509 ad
274 439 391 536 Steph.
412 436 491 536 Byz.
513 467 543 512 v.
565 442 710 532 Κολῦβη.
752 443 865 536 Atque
885 442 922 508 in
944 439 1102 510 mediter-

60 571 162 633 tanea
189 545 335 612 Thracia
369 543 508 639 Olymp.
537 545 636 628 clx,
658 548 689 615 3
726 544 863 614 bellasse
893 542 1100 638 Philippum,

62 649 161 720 docet
182 651 283 716 etiam
304 666 421 718 auctor
443 649 628 742 argumenti
649 647 693 716 ad
702 650 800 741 Dem.
824 673 872 716 or.
889 646 1100 716 deGherson.

59 780 95 847 p.
119 757 258 846 89.τοῦ
283 753 442 821 Φιλίππου
463 751 589 841 περὶ
554 779 612 840 την
632 736 850 841 μεσογείων
816 779 874 839 την
894 751 960 819 ἅνω
974 751 1102 846 Θράκην

61 865 270 943 πολεμοῦντος
290 855 428 945 uolgo
391 883 411 924 ἐ
430 885 449 924 ν
465 857 630 944 Ὀδρυσῶν
649 856 790 941 βασιλέα.
834 856 913 923 Eo
901 856 1005 948 agitur
1017 873 1103 922 tem·
1162 924 1166 934 „

57 985 145 1056 pore
178 945 356 1053 Philippus
385 968 565 1054 postquam
594 957 732 1054 Olymp.
765 958 892 1040 CVIII,
926 983 947 1026 a
986 976 1101 1028 mense

62 1064 330 1158 Elaphebolione
359 1066 449 1132 inter
473 1066 566 1158 pacis
594 1088 677 1132 cum
692 1063 953 1132 Atheniensibus
974 1066 1103 1156 pactio-

61 1193 142 1237 nem
164 1165 401 1261 Cersobleptae
422 1171 626 1236 maritimam
635 1167 798 1236 Thraciae
819 1168 950 1262 partem
971 1169 1103 1260 eripue-
1144 1223 1148 1237 .

61 1290 125 1355 rat,
147 1272 259 1362 Aegeo
280 1271 366 1338 mari
388 1269 595 1340 adiacentem
616 1273 660 1363 (v.
684 1295 755 1365 cap.
777 1271 811 1338 h.
834 1296 887 1338 nr.
914 1271 1104 1359 1),medi-

39 1389 252 1445 ‘ten-ansam
277 1398 413 1469 quoque
434 1375 614 1443 Thraciam
639 1400 739 1442 suam
760 1378 797 1444 in
827 1391 1023 1468 potestatem
1050 1402 1103 1442 re-

64 1481 180 1573 digere
202 1479 399 1562 conabatur,
428 1480 591 1547 nimirum
619 1477 658 1545 id
680 1504 797 1570 agens,
829 1503 865 1545 ea
896 1502 1028 1572 quoque
1050 1505 1104 1546 ex-

61 1599 210 1679 pugnata
244 1600 281 1651 ut
305 1584 405 1651 Ponti
437 1559 560 1652 Euxim
593 1583 765 1676 Aegeique
795 1584 894 1650 maris
923 1585 1104 1678 imperium

64 1687 164 1757 simul
192 1689 257 1755 sihi
288 1705 454 1756 assereret
501 1685 572 1753 Nec
595 1683 742 1753 dubium
764 1704 827 1767 est,
850 1689 888 1753 in
908 1686 1104 1756 mediteira-

11 1813 13 1815 ’
63 1817 129 1862 nea
148 1791 209 1861 illa
230 1791 393 1860 Thraciae
414 1808 508 1884 parte
522 1791 823 1883 Teremregnas'ss,
845 1790 1104 1886 expeditionem-

66 1920 132 1990 que
137 1893 247 1962 illam
268 1894 421 1964 adversus
434 1894 526 1963 hunc
548 1895 857 1993 etCessobleptem‚
880 1894 992 1964 denuo
1011 1894 1105 1964 haud
1194 1930 1196 1934 >

64 2000 167 2068 dubie
205 1997 392 2069 liberum
381 2001 564 2093 lmperium
596 2000 821 2084 affectantem,
854 1998 953 2081 simul
985 2024 1055 2068 esse
1085 2025 1124 2066 a.

63 2104 223 2198 Philippo
246 2108 450 2198 susceptam.
485 2101 615 2172 Eodem
637 2106 728 2174 euim
747 2092 818 2172 fere
839 2121 989 2198 tempore
1000 2104 1105 2173 Athe
1113 2107 1119 2115 '
1187 2141 1189 2149 ·

63 2209 195 2275 nienses
218 2233 237 2273 a
258 2207 416 2301 Philippo
443 2207 669 2302 postulabant,
701 2226 742 2276 ut
754 2208 1015 2330 ‘Corsobleptem
1036 2212 1105 2275 Te-

64 2335 205 2402 remqne
226 2309 409 2379 incolumes
424 2312 586 2379 Thraciae
607 2313 739 2380 sineret
752 2313 929 2406 imperare,
952 2312 997 2380 ad
1017 2316 1104 2405 qu‘ae
1232 2323 1236 2338 ‘

15 2410 21 2420 ’
65 2432 177 2483 tamen
200 2441 218 2481 a
240 2413 398 2508 Philippo
420 2439 618 2509 responsum
640 2420 708 2499 est,
728 2414 887 2483 neutrum
908 2437 1024 2482 eorum
1045 2441 1105 2510 pa·

20 2514 25 2523 ’
64 2520 112 2586 eis
137 2517 278 2640 Olymp.
301 2518 433 2602 CVIII,
463 2521 594 2588 ainter
615 2544 658 2593 se
673 2535 707 2590 et
726 2520 946 2604 Athenienses
969 2542 1107 2611 compo·

66 2623 150 2691 satae
160 2641 360 2715 participem
382 2647 470 2709 esse;
492 2647 596 2694 ammo
605 2627 729 2693 Tenem
749 2647 863 2693 secum
885 2621 1107 2691 anteaadven·

64 2750 119 2793 sus
141 2725 360 2794 Athenienses
386 2751 569 2822 pugnasse,
603 2727 852 2850 Cersobleptem
874 2751 968 2811 vero,
999 2753 1107 2819 quum

64 2834 203 2912 seorsim
223 2856 337 2909 secum
357 2854 475 2925 pacem
497 2856 699 2927 componere
713 2814 881 2915 uoluisset,
904 2832 1107 2924 impeditum

64 2937 147 3028 ipsis
170 2936 211 3002 ab
232 2936 491 3004 Atheniensium
518 2937 659 3006 ducibus
683 2962 770 3019 esse,
794 2939 855 3029 qui
876 2935 1006 3008 hostem
1028 2955 1107 3006 eum

62 3039 184 3132 populi
205 3040 418 3107 Atheniensis
441 3037 654 3109 iudicassent
706 3041 750 3108 V.
765 3039 913 3132 Epistol.
944 3040 1030 3105 Phil.
1062 3040 1106 3107 ad

63 3142 142 3210 Ath.
165 3169 200 3236 p.
227 3143 287 3211 160
317 3159 383 3237 sq..
414 3169 499 3237 quae
527 3147 651 3238 scripta
679 3162 728 3212 est
756 3142 894 3236 Olymp.
918 3143 1000 3232 clx
1033 3143 1105 3231 ab
1142 3192 1144 3197 ,
1190 3146 1195 3160 ‘

65 3264 213 3328 exeunte,
235 3249 403 3317 utstatim
424 3240 709 3333 monstrabitur.*)
753 3246 822 3317 Sed
850 3247 1007 3343 Philippo
1029 3252 1106 3316 uni-

150 3591 223 3652 hanc
256 3589 385 3676 Philippi
422 3589 635 3693 expealitiouem
667 3573 817 3655 'Ihraciam
850 3590 1001 3656 referenda
1035 3614 1105 3670 esse,

152 3678 362 3785 confirmabunt
382 3680 542 3763 sequentia.

107 3822 132 3903 ‘)
162 3824 203 3885 Hi
232 3823 291 3887 duo
318 3776 459 3889 'lbraciae
486 3846 570 3909 reges
596 3824 674 3888 haud
706 3824 843 3888 dubie‘'
823 3849 845 3888 ιι
872 3827 954 3888 etiam
981 3838 1106 3900 sunt,a

154 3910 262 3999 quibus
284 3933 316 3973 se
336 3934 392 3995 per
413 3912 542 3997 Philippi
563 3913 703 3998 legatos
693 3916 830 3975 mvictum
855 3908 973 3976 rediisse
996 3869 1108 3971 Delio-

131 3987 267 4059 sthenes
296 3996 446 4060 contendit
475 4022 518 4060 or.
541 3999 578 4060 de
609 4019 668 4062 cor.
690 4022 722 4085 p.
747 4003 818 4061 308.
869 4000 965 4077 Quam
985 3998 1107 4082 legatio-
1220 4004 1225 4011 '

152 4106 218 4145 uem
246 4083 408 4163 eodem,
399 4108 434 4148 au
458 4108 520 4172 quo
553 4109 630 4153 nunc
651 4107 813 4166 versamur,
840 4101 975 4171 tempore
1001 4083 1051 4149 obi
