2594 4672
448 304 453 331 ·
524 264 527 270 ·
584 271 741 382 ..zu
780 318 783 324 -

63 434 67 443 ’
145 468 262 559 porum
281 429 412 510 ordinem
441 451 555 527 attinet,
583 472 618 512 ea
649 465 729 511 'certe
756 451 833 511 loco
856 453 968 511 moveri
999 433 1182 551 nequaquem

143 554 230 638 posse
253 546 373 640 opinor,
396 577 471 637 quae
501 577 597 638 usque
624 554 662 614 ad
689 556 809 616 alterum
838 556 1081 637 Amphictyonum
1110 578 1182 617 con-
1253 639 1255 642 y

142 674 260 719 rentum
282 674 310 720 et
333 650 462 743 Philippi
484 650 634 741 epistolam
654 658 692 719 ad
714 660 808 739 socios
830 660 1088 742 Peloponnesiacos
1110 663 1181 721 scri·

120 778 219 847 ¹ptam
244 759 393 824 constitui.
444 764 476 822 In
506 764 712 846 reliquis'non
739 762 819 845 ¹fugit
851 785 896 822 me
924 764 1018 840 aliam,
1046 779 1075 824 et
1104 787 1179 847 quae

113 893 116 897 ⁴
141 867 322 949 probabilior
350 868 497 944 videntur,
537 890 624 949 posse
651 869 789 927 rationem
824 869 960 949 proponi.
1016 869 1113 945 ,Quam
1140 869 1180 929 ob

140 965 202 1031 rem
222 975 294 1032 hanc
323 959 416 1032 edhuc
439 971 658 1032 consideremus·
672 972 905 1053 illustremusque
927 993 1044 1032 neeesse
1067 988 1118 1032 ost.

227 1077 380 1158 Philippus
404 1076 523 1156 Olymp.
547 1075 614 1151 CX,
635 1063 656 1134 '2
679 1075 888 1157 Metagitnione
910 1075 981 1136 belli
1003 1076 1178 1137 duxadver·

140 1202 189 1239 sus
218 1181 435 1260 Amphissenses
468 1192 578 1237 creatus
613 1193 665 1239 est.
720 1180 796 1238 Eum
830 1180 1054 1257 Demosthenes,
1087 1204 1179 1264 quum

140 1283 264 1364 primum
287 1296 398 1360 creatus
419 1296 504 1355 esset,
527 1283 663 1341 continuo
685 1282 714 1340 in
734 1281 883 1340 Graeciam
905 1282 1085 1342 descendisse
1108 1307 1180 1345 con·

139 1385 248 1459 tendit:
271 1377 373 1469 ᾑρέθη
396 1419 439 1431 -
460 1375 671 1465 ἡγεμώνααί
692 1377 772 1463 μετὰ
798 1382 883 1445 ταῦτ’
905 1380 1000 1458 εὐθὺς
1022 1372 1050 1445 ὅΙ
1065 1385 1178 1448 Φίλιπ-

139 1507 199 1560 πος
229 1483 359 1568 δύναμιν
392 1485 540 1562 σνλλίξας
572 1487 623 1548 nol
653 1480 836 1569 παρελθώνε
871 1488 908 1548 de
944 1511 1003 1549 cor.
1037 1514 1069 1573 p.
1106 1498 1177 1571 ²7⁸·

139 1593 234 1675 ldque
256 1595 435 1666 constituisse
457 1608 535 1654 certe
558 1585 725 1677 Philippum
748 1593 868 1674 epistola
890 1592 985 1680 docet,
1013 1616 1068 1675 per
1090 1618 1178 1677 quam

139 1699 232 1757 socios
261 1720 328 1757 suos
359 1698 622 1780 Peloponnesiacos
657 1698 821 1758 convenire
844 1719 941 1756 secum
980 1698 1010 1756 in
1028 1692 1032 1702 “
1047 1698 1176 1760 Phocide
1209 1700 1212 1705 ’

136 1802 218 1861 iussit
239 1804 353 1861 instanti
374 1803 605 1877 Boedromione;
625 1801 793 1889 'eodemque
815 1822 912 1860 mense
934 1821 1001 1861 vere
1017 1803 1176 1884 ingressum

136 1909 220 1966 etiam
243 1929 308 1967 eum
329 1909 358 1966 in
387 1903 538 1968 Graeciam
566 1929 627 1966 esse
655 1904 785 1989 probare
800 1894 926 1969 ¹videtur
952 1898 1039 1985 μάχη
1069 1927 1176 1986 χειμε-

135 2003 219 2092 ρινή,
249 2015 395 2071 commissa
417 2028 481 2072 ante
510 2011 653 2093 proelium
681 2011 898 2086 Chaeronense,
932 2032 1058 2070 mensem
1075 2013 1176 2093 igitur

134 2117 271 2173 aestivum
292 2105 528 2196 Metagitnionem
551 2114 668 2195 Olymp.
691 2113 764 2190 CX,
787 2117 822 2191 3,
851 2116 964 2196 quippe
988 2137 1063 2198 quim
1085 2119 1175 2198 aptis-

133 2220 203 2276 sime
232 2219 357 2276 hiemalis
388 2216 574 2298 intelligendu
589 2217 741 2291 rideatur,
772 2233 801 2276 et
830 2240 891 2277 enm
920 2241 952 2279 re
984 2241 1057 2285 vera,
1080 2223 1172 2282 bieme

133 2322 309 2380 commissam
331 2343 403 2398 esse,
425 2321 587 2380 confirmari
609 2321 725 2402 egregie
746 2342 781 2379 eo
805 2321 937 2397 videtur,
963 2324 1046 2405 quod
1061 2326 1172 2384 Demo-

132 2427 254 2500 sthenes,
276 2414 431 2506 postquam
453 2423 565 2482 duabus
586 2424 642 2483 illis
662 2412 810 2506 prioribus
832 2427 953 2507 pugnis,
983 2428 1022 2509 τῇ
1044 2424 1092 2487 tut
1114 2428 1172 2488 τοῦ

130 2529 275 2606 ποταμοῦ
311 2525 362 2589 καὶ
393 2529 433 2611 τῇ
465 2530 631 2610 χαμερινῇ,
655 2528 783 2587 secundo
815 2529 864 2588 Mn
851 2544 911 2588 rte
939 2552 1004 2589 cum
1033 2531 1170 2613 Philippo

131 2633 323 2692 conflixissent
352 2634 549 2709 Athenienses,
581 2654 703 2714 pompas
725 2654 775 2708 eps
803 2635 894 2715 egisse
922 2650 1015 2695 narrat
1041 2650 1071 2694 et
1099 2658 1171 2717 sup·

129 2737 313 2818 plicationes,
343 2759 374 2796 se
402 2758 472 2797 vero
491 2751 668 2797 coronatum
698 2759 759 2797 esse
790 2760 825 2797 ex
848 2737 971 2798 decretis
993 2741 1170 2821 Demomelis

130 2855 159 2900 et
181 2842 348 2922 Hyperidis,
371 2841 408 2901 de
432 2841 540 2924 quibus
566 2842 742 2902 haecdicit:
776 2839 865 2901 ταυτὶ
896 2837 935 2902 τὰ
964 2840 1167 2924 ψηφίσματα,

130 2933 156 3006 ὦ
180 2939 210 3005 ἆ.
229 2939 312 3021 Ἀθ.,
336 2940 404 3016 τὰς
426 2939 549 3016 αὐτὰς
570 2940 771 3023 συλλαβὰς
791 2945 850 3006 καὶ
873 2940 992 3006 ταύτὰ
1015 2941 1169 3029 ῥήματα

128 3042 222 3126 ἔχει,
255 3045 351 3130 ὅπερ
381 3044 579 3130 λρότερον
610 3045 678 3127 μὲν
705 3044 989 3129 Ἀριστόνικος,
1013 3051 1096 3110 νῦν
1128 3046 1168 3112 δὲ

127 3152 345 3235 Κτησιφῶν
381 3149 576 3235 γέγραφεν
611 3146 763 3213 οὑτοσί·
803 3150 853 3212 καὶ
890 3145 977 3229 cedri
1014 3149 1168 3234 Αἰσχίνης

128 3251 191 3316 οὔτ’
221 3255 342 3330 ἐδίωξεν
369 3244 486 3332 oded&
518 3250 587 3317 ον’ίτε
619 3257 665 3340 τῷ
685 3252 878 3339 γραψαμένῳ
906 3251 1166 3338 ονγκατηγόρησε.

125 3361 158 3420 ln
180 3363 235 3421 illis
257 3364 345 3442 igitur
367 3350 490 3423 decretis
512 3363 617 3442 scripto
639 3362 803 3420 haecetiem
825 3381 954 3420 censeas:
977 3359 1027 3421 καὶ
1049 3356 1166 3442 ἀναγο-

126 3465 233 3547 ρεῦσαι
255 3461 311 3526 τὸν
333 3462 487 3550 στέφανον
516 3462 553 3526 ἓν
584 3465 635 3549 τῷ
660 3458 812 3549 θεάτρῳ
834 3461 1066 3538 Διονυσίοις
1086 3443 1166 3548 τρα-

124 3568 238 3653 γῳδοῖς
258 3576 383 3642 καινοῖς.
427 3569 537 3631 Eodem
560 3571 635 3635 enim
665 3571 693 3629 in
722 3570 878 3647 Aristonici
901 3592 1022 3655 quoque
1045 3571 1164 3631 decreto

107 3674 269 3755 leguntur,
292 3692 379 3757 quem
394 3677 485 3735 etiam
513 3675 658 3756 scripsisse
686 3665 896 3734 Demosthenes
923 3676 962 3733 ait
987 3667 1045 3746 τας
1067 3666 1165 3747 ovid:
1243 3740 1245 3745 .

123 3772 298 3855 συλλαβάς,
331 3772 425 3859 denuo
457 3766 562 3839 οντοᾶὶ
587 3776 760 3861 Κτησιφῶν
781 3779 837 3838 νῦν
856 3773 1006 3861 γέγραφε
1022 3798 1066 3861 ..p
1088 3773 1163 3841 253.
1227 3800 1232 3811 ·

121 3881 261 3958 Accedit,
292 3881 378 3965 quod
409 3884 618 3943 Demosthenes
648 3882 727 3944 istud
752 3882 908 3944 Aristonici
931 3858 1177 3959 domimi]

122 3984 195 4043 CIX
203 3984 373 4064 ,Aletum
394 3986 521 4074 secundo
536 3985 590 4045 sibi
607 3986 744 4069 obtigisse
761 3987 831 4047 dicit
853 3982 886 4071 (l.
909 3985 967 4072 c.,)¹
988 4000 1018 4045 et
1043 4006 1077 4069 p.

131 4111 218 4172 psum
246 4111 277 4151 se
295 4111 567 4173 saepenumero
596 4085 777 4176 (πολλάκις)
796 4107 861 4153 ante
891 4076 1088 4179 Ctlsiphontiq
