2594 4672
590 256 614 333 9

524 341 682 358 m

81 413 275 492 adumbrata
307 423 465 490 orationis
495 420 714 515 dispositione
738 421 899 491 maiorem
925 419 1036 493 lu'cern
1067 419 1122 512 rea

84 524 199 625 quirit.

171 738 305 804 Etenim
341 735 501 821 orationis
536 735 579 802 de
615 756 739 803 corona
776 756 905 802 summa
947 735 987 800 in
1027 755 1124 800 enar-

83 839 189 907 randa
225 839 459 907 Demosthenis
499 838 706 933 reipublicae
745 838 980 931 procuratione
1015 861 1126 906 versa-

85 962 158 1012 tur.
204 945 277 1027 Quo
314 959 467 1038 tempore
503 943 644 1011 Graecia
675 943 816 1012 internis
855 943 963 1011 turbis
999 940 1127 1010 discor

86 1049 220 1140 diisque
241 1071 400 1114 concussa
423 1065 456 1116 et
476 1047 670 1120 labefactata
697 1046 741 1129 ad
760 1045 911 1145 Philippi
930 1047 1035 1140 magis
1056 1071 1127 1112 ma·
1155 1115 1157 1119 ,

86 1154 203 1245 gisque
234 1150 464 1218 declinabat
454 1176 634 1244 1mper1um
641 1201 652 1234 ‚
688 1151 730 1219 in
759 1151 968 1219 Athenarum
995 1150 1127 1218 civitate

88 1255 329 1322 Demosthenes
362 1258 520 1323 orationis
547 1258 579 1322 vi
612 1254 820 1351 et‘capitalis
849 1258 972 1324 virtute
999 1255 1129 1346 ingenii
1201 1270 1204 1275 “

85 1359 257 1453 depellere
290 1376 435 1425 extrema
455 1360 621 1452 pericula,
650 1363 738 1428 tueri
759 1359 957 1442 libertatem,
987 1361 1130 1426 enasci·-

86 1484 157 1534 tare
179 1466 324 1532 civitates
347 1461 390 1529 ad
412 1457 665 1530 custodiendam
685 1463 837 1546 salutem,
861 1464 1038 1531 conciliare
1061 1463 1131 1530 dis-

88 1567 204 1638 cordes
226 1569 360 1660 sibique
382 1567 537 1649 infensas‚
560 1568 688 1660 ubique
699 1564 954 1671 propugnacula
966 1565 1130 1634 libertatis

88 1674 243 1742 adversus
265 1671 419 1765 Philippi
440 1674 585 1765 impetus
608 1663 735 1762 erigere
763 1672 897 1739 fortiter
926 1688 1132 1738 constanter*

88 1801 155 1869 que
177 1777 367 1843 conabatur
412 1777 456 1843 Ei
477 1800 555 1845 vero
579 1776 730 1844 obstabat
755 1775 1020 1844 adversariorum
1041 1773 1133 1842 haud

88 1882 208 1974 exigua
235 1906 328 1986 pars
364 1906 526 1976 quornm
542 1881 600 1948 alii
629 1881 796 1983 corrupti,
831 1880 888 1947 alii
915 1879 998 1947 salsa
1027 1878 1133 1948 animi

88 1987 302 2078 persuasione
315 1932 498 2054 commodis
519 1987 695 2081 Philippi
685 1987 902 2054 mservientes
926 2003 965 2053 ut
985 1982 1133 2078 depelle-¹

87 2089 1135 2185 rentDemosthenemareipublicaegubernaculispraecipita·
1229 2109 1272 2130 '¹

89 2213 244 2284 remque,
268 2196 366 2259 enixe
381 2201 524 2287 'operam
537 2195 669 2264 dabant.
714 2197 821 2263 Huius
829 2195 981 2263 factionis
993 2194 1134 2262 Aeschi-

23 2383 24 2386 ,
92 2320 153 2361 nes
192 2297 420 2386 principatum
459 2299 601 2365 tenebat.
645 2301 704 2367 -Ea
737 2298 947 2392 aliquamdiu
979 2297 1135 2391 depressa

92 2399 278 2492 profligatis
302 2397 438 2464 tandem
470 2398 564 2465 clade
587 2402 815 2470 Chaeronensi
835 2402 1069 2470 Demosthenis
1091 2401 1136 2487 de
1163 2482 1165 2487 Ι

91 2503 247 2571 libertate
272 2502 616 2586 Graeciaeeonsiliis',
639 2528 680 2574 eo
692 2504 921 2574 vehementius
938 2507 1135 2589 exsurrexit,

91 2608 153 2674 uhi
174 2605 342 2675 vindictae
364 2631 404 2674 ex
426 2608 654 2676 Demosthene
674 2598 867 2677 sumendae
865 2609 1053 2676 maximam
1074 2633 1137 2706 op-

91 2713 336 2805 portunitatem
362 2729 459 2780 nacta
482 2710 554 2780 sibi
584 2737 654 2780 esse
681 2713 866 2792 videbatur.
915 2699 996 2783 Hac
1021 2717 1136 2816 igitur
1169 2785 1175 2795 ,

89 2819 269 2886 occasione
305 2816 508 2884 Aeschines
527 2819 677 2888 instituta
709 2819 770 2886 in
783 2817 1038 2919 Ctesiphontem
1070 2818 1135 2888 lite
1219 2812 1222 2827 '

91 2912 219 3013 legum
231 2919 440 3003 violatarum,
456 2922 550 3014 qnod
564 2922 608 2990 ob
629 2946 743 3018 sparsa
755 2924 802 2991 in
818 2922 1065 3018 rempublicam
1075 2925 1137 2992 be-

93 3025 214 3092 neficia
231 3042 263 3091 et
284 3039 450 3092 constans
454 3050 531 3118 erga
553 3051 627 3096 eam
641 3029 747 3096 animi
765 3025 916 3095 studium
937 3046 1061 3097 corona
1075 3027 1139 3098 dei

95 3122 245 3197 nandum
267 3128 527 3204 Demosthenem
550 3124 755 3214 decrevisset,
773 3145 884 3231 quum
903 3155 1001 3199 causa
1023 3130 1096 3201 ad
1085 3152 1137 3202 stt*

96 3233 185 3300 dices
222 3250 306 3300 esset
342 3231 539 3315 deducta,
529 3254 566 3299 tn
591 3236 790 3305 nniversam
808 3237 1048 3345 Demosthenis
1070 3241 1137 3328 rei-

95 3338 252 3432 publicae
285 3335 649 3404 administrationem
639 3357 808 3410 invectus
821 3362 860 3408 ea
894 3340 1061 3410 oratione
1075 3335 1136 3428 est,

92 3467 183 3532 quae
211 3443 247 3508 in
276 3441 538 3533 Ctesiphontem
558 3444 764 3513 inscribitur.
807 3445 919 3540 Eique
933 3440 1138 3516 Demosthe·

95 3570 174 3628 nes,
204 3571 223 3610 a
252 3545 488 3638 Ctesiphonte
498 3557 614 3614 causae
638 3541 797 3668 patronus
827 3566 1013 3644 assumptus
1042 3542 1138 3620 snam
1177 3593 1184 3599 ·
1225 3542 1228 3549 ¹

72 3650 140 3716 'de
171 3673 294 3717 corona
324 3651 508 3718 orationem
536 3653 679 3746 opponit
700 3655 756 3744 (V.
787 3677 878 3748 quae
895 3681 967 3750 cap.
990 3671 1070 3723 extr.
1093 3657 1138 3722 de

92 3754 167 3821 litis
191 3755 320 3843 origine
341 3772 375 3822 et
396 3772 546 3855 tempore
569 3755 809 3850 disputantur):
819 3784 917 3882 ’quae
933 3783 1138 3854 quamquam
1205 3803 1228 3856 g
1278 3760 1288 3791 '·

89 3858 140 3924 ad
164 3856 414 3926 defendendum
437 3848 703 3954 Ctesiphontem
711 3866 851 3957 proprie
872 3865 982 3945 habita
1004 3883 1136 3946 est,co

98 3983 209 4033 tamen
225 3962 436 4056 potissimum
452 3963 570 4048 tendin-
584 3985 622 4035 ut
636 3965 785 4036 desenm
783 3965 944 4036 adversus
961 3967 1137 4040 Aeschinis
1237 4002 1240 4011 ¹
