2594 4672
70 450 184 498 censes
219 428 319 512 armis
350 428 458 499 orbati
487 419 634 498 etnicis
663 431 850 500 inhabitare
886 433 1005 499 coacti
1026 451 1114 500 sunt.

71 536 183 620 Quam
215 548 338 600 sortem
368 535 524 635 miseram
553 552 592 602 ut
613 535 826 629 aufugerent,
847 558 968 626 magna
1000 559 1116 604 eorum

68 661 148 732 pars
170 635 281 703 exules
302 640 410 728 patria
433 655 653 707 excesserunt.
699 639 751 706 Cf.
765 640 862 706 Dem.
886 639 909 705 l.
932 663 961 706 c.
982 663 1017 731 p.
1041 642 1115 709 366.

70 741 113 808 da
135 765 219 835 pace
240 765 275 832 p.
296 740 350 808 61.
396 741 489 826 Quae
510 767 612 836 porro
633 742 806 836 hucusque
834 747 872 809 in
893 743 1116 835 Amphictyo-

69 847 172 916 nibus
194 832 267 911 iura
289 844 484 914 obtinebant
503 847 701 928 Phocenses,
722 869 815 912 nunc
837 847 964 912 iamin
985 847 1118 940 Philip-

68 946 155 1045 phm
190 947 309 1018 collata
344 967 438 1032 sunt,
472 966 511 1018 ut
538 949 597 1018 ille
632 951 756 1020 dehinc
786 973 902 1019 corum
930 949 1004 1019 loco
1034 953 1118 1018 Am-

57 1055 232 1150 phictyon
269 1070 303 1120 et
336 1053 555 1145 Pythicorum
588 1053 749 1122 ludorum
784 1076 916 1148 praeses
943 1056 1116 1122 existeret.

70 1161 172 1227 Dem.
203 1157 227 1225 l.
262 1183 290 1226 c.
320 1181 354 1249 p·
390 1156 466 1244 445.
518 1159 677 1252 Denique
702 1183 824 1252 magna
849 1157 1005 1226 Phocidis
1026 1182 1115 1251 pars,

70 1281 105 1331 et
125 1263 240 1355 plures
261 1262 299 1327 in
320 1261 457 1330 Boeotia
477 1262 589 1344 urbes,
612 1263 857 1346 Orchomenus,
880 1262 1026 1345 Corsiae,
1050 1264 1117 1331 Go-

70 1390 175 1437 rnnea
202 1367 240 1432 in
270 1363 514 1433 Thebanorum
543 1364 706 1433 ditionem
734 1383 912 1434 cesserunt.
962 1367 1062 1434 Dem.
1091 1366 1114 1431 l.

16 1470 21 1484 ³
71 1496 101 1541 c.
131 1497 167 1565 p.
197 1470 271 1540 385.
295 1466 337 1534 de
366 1492 451 1561 pace
475 1495 510 1562 p.
541 1469 595 1536 61.
646 1470 775 1553 Quibus
799 1470 984 1538 exacerbati
1013 1470 1117 1537 Athe-

71 1579 204 1645 nienses
239 1596 352 1665 neque
387 1572 512 1664 legatos
551 1571 595 1638 ad
624 1572 914 1666 Amphictyonum
936 1572 1119 1642 concilium

73 1705 135 1767 nec
158 1679 290 1746 theorus
321 1675 365 1743 ad
385 1675 483 1746 ludos
505 1676 678 1773 Pythicos,
706 1678 768 1770 qui
798 1676 915 1745 eodem
945 1700 1033 1744 anno
1064 1701 1119 1744 ce-

39 1853 41 1858 ,
72 1781 301 1861 lebrabautur,
329 1783 503 1849 miserunt.
547 1782 644 1848 Dem.
675 1780 698 1846 l.
723 1805 751 1848 c.
772 1805 807 1873 p.
831 1782 895 1848 380
921 1805 972 1872 sq.
1017 1780 1118 1847 Unde

71 1887 249 1980 Philippus
271 1908 347 1953 suos
370 1884 676 1978 Thessalorumque
708 1883 833 1976 legatos
862 1884 1011 1951 Athenas
1040 1887 1120 1952 mit-

72 2011 144 2060 tere
171 2007 301 2061 coactus
324 2005 389 2072 est,
419 1992 479 2083 qui
507 1988 770 2056 Atheniensibus
791 1987 1047 2081 persuaderent,
1080 2007 1119 2055 ut

71 2115 247 2187 receptum
277 2117 311 2160 sc
349 2095 387 2159 in
415 2093 703 2186 Amphictyonum
730 2097 923 2162 numerum.
937 2115 996 2159 sua
1034 2116 1120 2184 quo-

74 2224 144 2292 que
166 2198 330 2264 sententia
352 2197 600 2278 confirmarent,
643 2197 741 2264 Dem.
771 2197 796 2264 l.
819 2223 848 2266 c.
876 2222 912 2291 p.
935 2191 1009 2286 375.
1054 2197 1120 2263 Per

75 2323 180 2395 quam
201 2299 409 2366 occasionem
430 2299 670 2367 Demosthenes
690 2300 874 2367 orationem
890 2298 933 2366 de
953 2324 1038 2394 pace
1058 2301 1120 2368 ha-

73 2405 187 2472 huisse
207 2401 315 2468 lartnr
335 2401 436 2471 Dion.
450 2401 494 2469 H.
518 2402 585 2492 (ep.
609 2399 887 2492 adAmm.§.1o.
932 2403 984 2473 Cf.
1000 2422 1117 2497 argmt.

75 2508 120 2578 ad
140 2509 237 2591 Dcm.
260 2528 309 2576 or.
331 2506 388 2595 c),
412 2504 550 2598 Olymp.
575 2504 697 2587 cvm,
720 2506 751 2574 3.

161 2830 272 2898 Rebus
285 2886 288 2890 ⁴
302 2830 347 2895 ita
376 2849 437 2896 suo
470 2828 589 2897 ordine
620 2828 772 2921 expositis
806 2846 840 2895 et
872 2828 914 2895 ad
947 2832 1119 2899 veritatem

74 2935 231 3015 excussis,
255 2933 298 3000 ad
321 2933 456 2999 alteram
480 2930 716 3024 disputationis
738 2933 839 2998 huius
856 2950 984 3023 partem
1002 2932 1044 2998 dc
1065 2957 1119 2999 rc-

72 3062 152 3107 rum
174 3038 273 3103 iustis
291 3037 512 3129 temporibus,
540 3035 646 3103 multo
670 3034 895 3104 difficiliorem
917 3060 990 3102 eam
1012 3055 1045 3102 et
1065 3037 1119 3102 in-

73 3145 280 3212 tricationem
310 3138 552 3208 descendimus.
599 3141 692 3222 Quae
715 3162 822 3231 quum
840 3140 978 3206 maxime
1000 3163 1119 3207 11111-
1150 3185 1153 3192 -

71 3239 197 3316 mentis
222 3245 387 3338 publicis,
408 3245 489 3311 huic
512 3244 669 3310 orationis
692 3243 779 3336 parti
800 3243 950 3324 insertis,
973 3261 1120 3326 vexetur,

17 3341 18 3346 ἵ
72 3353 187 3421 statim
200 3337 393 3442 accedentes
416 3347 460 3416 ed
482 3371 555 3414 cam
576 3345 776 3415 offendimus
797 3346 833 3412 in
848 3349 1002 3414 universa
1017 3349 1121 3441 primi

29 3493 32 3500 ,
74 3453 203 3522 decreti
226 3449 269 3520 de
291 3450 519 3523 iureiurando
543 3451 731 3545 aPhilippo
746 3449 903 3543 exigendo
927 3453 1120 3521 conditione

73 3582 241 3651 perquam
263 3548 447 3649 desperata,
471 3581 573 3650 quam
588 3556 761 3657 explorare
775 3554 1012 3652 illustransque
1025 3558 1119 3648 prius

60 3683 301 3764 ⁸necessarium
323 3684 396 3728 esse·
416 3684 597 3728 censemus.

76 3871 107 3913 2.
143 3870 179 3938 p.
203 3845 278 3914 235.
300 3845 461 3934 ψήφισμα.
489 3888 491 3893 «

162 3967 347 4034 Decretum
366 3964 433 4034 hoc
455 3983 527 4034 tum
551 3963 642 4058 quod
665 3965 776 4051 adres
791 3967 919 4046 attinet,
941 3981 1014 4032 tum
1030 3962 1123 4057 quod

78 4071 120 4138 ad
142 4089 304 4164 tempora,
328 4070 582 4164 incitatissimis
604 4069 703 4138 nodis
725 4069 921 4139 obstrictum
949 4086 1007 4137 est.
1053 4066 1123 4151 Qui
1194 4114 1199 4120 -
