2594 4672
699 258 764 322 tto

216 446 265 493 tra
293 423 396 492 iidem
423 421 475 488 illi
502 426 724 516 magistratus,
754 423 897 513 scribam
926 424 1126 491 secundum
1139 447 1256 521 pryta.

214 534 306 597 niam
340 528 418 615 dico>
446 545 478 592 et
508 529 563 594 τὸν
590 529 831 619 ἐπιψηφίζοντα,
862 551 1007 620 qnorum
1040 529 1096 595 bic
1124 532 1255 626 ubique

214 635 251 700 ll.
288 657 335 700 cc.
364 629 525 710 adfertur,
559 631 615 698 ille
649 631 778 699 duobus
810 631 910 699 modo
938 630 1029 698 deest
1061 640 1125 716 (nr.
1152 637 1199 724 96
1221 656 1256 706 et

218 741 276 806 105
301 762 352 829 ap.
375 734 510 826 Boeckb
531 734 554 800 l.
575 742 630 817 e),
652 735 688 800 in
710 737 980 803 nostrisomnino
1004 735 1253 808 desiderantur.

213 842 384 908 Nimirum
405 841 518 931 itaque
539 839 567 904 is
589 839 660 928 ipse
682 837 799 917 homo,
828 841 887 931 qni
917 841 954 905 in
976 838 1193 910 traducendis
1216 845 1256 912 iu

213 947 399 1014 orationem
421 941 463 1007 de
486 965 552 1008 cor.
565 943 654 1008 sac'tis
676 940 820 1035 publicis
843 942 1025 1025 desudavit,
1048 929 1191 1036 poterat‘
1205 948 1256 1016 al-

214 1066 377 1116 terutrum
407 1045 443 1112 ei
474 1045 526 1110 his
559 1045 818 1138 magistratibus,
847 1047 906 1139 qni
936 1045 1076 1113 decretis
1111 1052 1257 1146 praefigi

214 1153 378 1233 solebant,
397 1151 435 1215 in
456 1151 575 1217 nostris
599 1148 734 1231 desunt,
763 1149 907 1216 scrib‘am
929 1151 1115 1218 secundum
1136 1174 1257 1249 pryta-

213 1259 321 1337 niam,
352 1255 419 1321 sive
453 1256 626 1345 epistatam
655 1270 801 1335 senatus,
828 1276 891 1344 pro
917 1277 1087 1350 eponytno
1116 1255 1255 1345 habere,

199 1339 439 1454 'eponymiqni
460 1355 533 1425 loco
556 1357 696 1425 decretis
718 1354 989 1450 praescribere&
1067 1349 1070 1366 ⁴
1196 1447 1199 1452 .

290 1680 334 1737 *tis
356 1677 545 1751 demetiente,
574 1674 652 1736 unde
684 1676 815 1736 nimirum
843 1675 999 1759 desumpsit
1021 1700 1070 1737 sua
1093 1680 1254 1744 Philocho-

263 1821 265 1825 .
298 1787 348 1826 rns
369 1760 573 1841 Καλλίμαχος
591 1762 800 1843 Περγασῆθεν
821 1766 877 1845 (ap.
889 1765 976 1822 Dion.
988 1765 1025 1824 H.
1044 1787 1091 1847 ep.
1106 1768 1144 1826 ad
1156 1771 1250 1832 Amm.

280 1874 324 1912 e.
357 1851 405 1928 9),
431 1843 634 1931 Θεόφραστος
655 1843 820 1924 Ἀλλαιείς,
843 1847 1070 1930 Λυσιμαχίδης,
1082 1846 1251 1936 Ἀχαρνεύς

298 1941 330 2016 (l.
351 1959 377 1998 c.
390 1938 451 2012 Ιιι).
495 1935 555 1994 Sed
568 1937 597 1994 in
613 1935 737 1994 decretis
752 1935 825 1994 illud
846 1934 975 1995 additum
996 1950 1139 2020 nusquam
1159 1965 1247 2024 repe-

297 2026 364 2084 ries.
411 2023 513 2103 Itaque
543 2020 663 2080 concedi
694 2021 750 2080 hoc
780 2020 899 2103 quidem
923 2026 1031 2103 possit,
1061 2041 1092 2083 et
1119 2043 1245 2088 nostrum

298 2111 378 2170 iilum
403 2108 594 2168 Demonicum
615 2106 785 2187 Phlyensem
813 2130 848 2168 ex
879 2107 1018 2169 tabulario
1047 2112 1243 2173 esse'desum-

298 2212 398 2280 ptum;
421 2228 464 2240 -
485 2215 543 2252 non
571 2210 664 2253 tamen
693 2195 941 2271 aDemosthene,
971 2196 1023 2255 sed
1052 2219 1068 2256 a
1094 2201 1244 2261 recentiori

244 2351 246 2354 ι
300 2281 427 2366 quodam
454 2279 550 2340 docto.
594 2279 683 2339 *lllnm
715 2282 790 2339 enim
817 2304 834 2340 a
859 2303 939 2341 more
966 2283 1051 2343 solito
1078 2285 1244 2369 designandi

298 2369 481 2431 decretorum
492 2368 631 2449 temporis
642 2368 801 2444 recessisse,
818 2391 875 2429 non
888 2383 931 2428 est
943 2369 1117 2450 probabile.
1154 2375 1244 2450 Quam

200 2458 203 2463 ’
268 2479 277 2523 j
298 2456 339 2516 ob
367 2478 429 2517 rem
457 2455 563 2514 etiamsi
596 2453 635 2512 ob
664 2475 765 2527 nomen
795 2452 1173 2525 demoticnm⁸Dem0nicus
1194 2462 1244 2520 mi-

297 2566 353 2603 nus
374 2543 428 2602 tibi
449 2543 553 2602 archon
576 2563 634 2599 nou
656 2561 815 2621 epcnyrnus
838 2541 976 2618 videatur,
996 2543 1165 2606 hortamen
1178 2569 1244 2608 eon-

212 2660 216 2671 «
298 2628 385 2690 cedas
416 2649 532 2688 necesse
555 2635 606 2703 est,
627 2625 774 2686 decretum
802 2629 955 2708 posteriori
977 2626 1095 2690 demum
1116 2648 1245 2716 tempore

226 2728 237 2770 .·
267 2719 269 2722 ’
299 2737 361 2776 esse
382 2717 413 2774 in
435 2715 592 2774 orationem
613 2710 651 2771 de
673 2734 734 2792 cor.
755 2713 924 2774 traductum.

255 2837 278 2916 ⁵)
300 2835 472 2920 Spengelins
492 2834 512 2893 l.
535 2836 560 2893 c‘.
582 2833 663 2892 fictos
684 2832 790 2893 iudicat
810 2855 907 2895 omnes
929 2836 981 2894 bos
996 2839 1147 2900 archontes
1157 2863 1244 2922 pseu·

298 2924 491 3007 deponym'os.
543 2917 634 2997 Quod
664 2940 726 2979 mea
754 2919 890 2979 sententia
919 2944 1039 3003 prorsus
1076 2926 1243 2987 incredibile

299 3025 350 3073 est.
394 3011 468 3069 Nam
491 3007 621 3090 quinon
645 3027 680 3064 ex
707 3009 775 3066 actis
803 3003 945 3088 publicis,
975 3009 1027 3069 sed
1059 3033 1095 3072 ex
1124 3015 1242 3096 proprio

296 3098 413 3180 ingenio
441 3093 563 3153 decretis
593 3094 635 3152 bis
660 3091 872 3174 praescribebat
897 3095 1056 3174 archontes,
1086 3121 1152 3158 enm
1190 3102 1243 3161 hoc

297 3199 376 3245 certe
397 3202 535 3265 annorum
555 3179 796 3261 designandorum
818 3201 900 3239 censa
927 3180 1028 3242 fecisse
1056 3187 1160 3269 utique
1188 3202 1245 3246 ste·

296 3267 437 3330 tuendum
463 3281 515 3326 est.
558 3267 586 3325 is
612 3280 705 3325 tamen
733 3265 806 3347 quid
830 3282 975 3328 assecutus
1002 3287 1078 3330 esset
1102 3275 1243 3354 praescri-

296 3355 400 3416 bendis
432 3352 615 3413 archontibus
641 3373 760 3434 prorsus
789 3353 860 3412 fictis
893 3368 921 3412 et
948 3376 1001 3415 nec
1028 3357 1084 3430 sibi
1107 3381 1162 3419 uec
1183 3361 1243 3420 cui·

297 3465 384 3525 quam
406 3438 499 3502 notis?
541 3438 621 3497 idem
643 3440 714 3499 miro
737 3460 855 3521 prorsus
880 3440 966 3500 modo
989 3443 1139 3505 Aeschinis
1160 3468 1242 3507 accu-

213 3555 216 3559 ·
297 3529 399 3588 sationi
436 3547 535 3585 verum
569 3526 797 3608 praescripsisset
832 3547 1006 3608 eponymum
1034 3530 1241 3610 Chaerondam,

297 3613 492 3694 Ctesiphontis
519 3627 612 3672 autern
640 3611 773 3680 decreto,
809 3613 891 3694 qnod
920 3614 1007 3674 latum
1038 3617 1145 3685 eodem
1171 3641 1241 3680 anuo

295 3717 347 3778 est,
369 3701 466 3760 fictum
475 3697 659 3777 Euthyclem3
681 3696 713 3756 id
724 3697 807 3779 qnod
817 3701 919 3759 mirum
930 3702 1013 3760 etiam
1024 3718 1092 3771 tum
1116 3723 1201 3782 esset,
1220 3708 1242 3766 si

269 3844 272 3851 ,
295 3811 330 3848 ex
352 3784 499 3867 Spengelii
520 3784 658 3865 opinione
685 3780 833 3845 Aeschinis
859 3786 988 3846 libellum
1009 3805 1109 3851 contra
1132 3809 1243 3854 nostros

295 3872 419 3935 calculos
451 3868 488 3928 ad
521 3869 570 3929 ΟΙ.
598 3868 670 3950 CX,
697 3867 719 3941 4
749 3892 835 3952 epon.
864 3872 1030 3954 Phrynicho
1058 3877 1244 3940 referendum

224 3992 231 3997 ··
294 3957 491 4021 contenderes.
544 3956 638 4031 Quam
668 3954 708 4015 ob
734 3979 796 4016 rem
824 3959 848 4018 si
873 3961 944 4019 mira
980 3961 1102 4043 quidem
1138 3983 1182 4028 est
1214 3968 1244 4027 iu
1289 3981 1291 3985 '

293 4042 595 4130 pseudepouymorum
627 4041 741 4115 illorum
770 4045 881 4128 aliquot
910 4048 1075 4111 nominibus
1109 4056 1245 4118 termina-
