2594 4672
499 354 657 375 *-

59 439 160 506 ducta
180 437 216 504 in
238 435 405 505 iudicium
427 453 484 504 est
529 439 654 505 Actum
681 438 772 504 enim
800 435 843 503 de
875 458 999 506 corona
1027 458 1101 507 cert

59 562 171 612 tamen
190 566 271 609 ‘esse
300 540 438 634 Olymp.
470 541 607 608 demum
629 540 742 625 CXII,
770 543 809 623 3,
843 542 1000 610 nehonte
1020 544 1100 609 Ari·
1203 585 1205 593 ·

59 648 248 740 stophonte,
272 671 378 739 quum
397 643 589 714 'Alexander
616 644 659 712 ad
684 644 811 712 Arbela
839 647 944 714 victor
964 649 1102 715 univer-

59 776 130 820 sam
152 754 219 818 iam
246 751 315 818 fere
341 752 457 818 Asiam
477 767 620 846 teperet,
646 769 780 842 praeter
800 750 1002 843 Dionysium
1023 751 1100 818 Hal.

59 881 113 949 ep.
142 854 187 922 ad
215 856 327 923 Amm.
356 857 386 946 §.
419 879 468 923 12.
495 873 530 924 et
556 853 772 923 Plutarchum
800 855 838 920 iu
867 855 1042 923 Demosth.
1072 880 1101 923 o.

58 960 114 1047 24,
137 958 344 1052 gravissimus
366 961 457 1027 testis
484 959 550 1028 fert
571 959 820 1052 Theophrastus
841 959 878 1024 in
902 959 1002 1027 Char.
1025 961 1101 1028 Vll.

58 1094 93 1132 π.
116 1071 235 1142 λαλιᾶς.
278 1063 325 1129 At
353 1086 397 1128 ne
426 1085 510 1153 opus
538 1062 677 1154 quidem
704 1079 754 1129 est
781 1061 925 1130 aliorum
954 1064 1103 1132 testimo·

58 1169 125 1235 niis
152 1169 191 1233 in
218 1189 256 1231 re
283 1189 347 1257 per
373 1166 481 1256 ipsam
508 1165 730 1232 Aeschinis'
719 1188 758 1231 m
791 1165 879 1232 Ctes.
915 1168 1103 1234 orationem

60 1270 245 1338 certissime
274 1267 479 1334 confirmata.
538 1269 675 1336 Etenim
700 1254 925 1336 Aeschines
913 1293 952 1335 m
981 1293 1020 1337 ea
1052 1271 1101 1363 (p

48 1453 50 1457 ,
61 1380 118 1464 77)
139 1368 369 1459 Alexandri,
358 1373 503 1463 imperio
524 1373 721 1466 nuperrime
743 1389 907 1464 suscepto,
928 1374 966 1438 in
986 1373 1103 1442 Asiam

33 1515 36 1518 ⁴
58 1462 302 1569 profectiou'em
323 1493 570 1558 commemorat,
594 1478 733 1569 eiusque
759 1499 837 1543 cum
857 1477 995 1543 Dario
984 1501 1032 1544 m
1045 1477 1103 1565 Gi-

58 1578 149 1647 licia
161 1596 328 1646 certamen
350 1581 470 1668 tangit,
499 1579 649 1672 denique
683 1579 725 1647 de
746 1581 982 1647 recentissimis
1003 1560 1103 1657 rebus

60 1682 152 1775 (vaip
180 1691 244 1751 τῶν
271 1687 337 1751 νυνὶ
363 1681 616 1772 καθεστηκότων)
637 1680 810 1776 loquitur,
825 1685 942 1776 ibique
958 1684 1104 1764 {rutar-

60 1794 146 1877 ὅρος,
171 1790 226 1870 ait,
249 1789 308 1886 ἔξω
329 1795 387 1871 τῆς
408 1789 525 1878 ἄρκτοο
552 1790 682 1876 καὶτῆς
710 1789 891 1875 οἰκουμένης
911 1787 1018 1875 ὀλίγον
1039 1791 1104 1856 δεῖν

59 1892 165 1980 πάσης
192 1874 407 1980 patriotico,
443 1916 512 1985 quo
542 1910 700 1985 tempore
724 1886 989 1961 Lacedaemonii
1021 1917 1105 1961 cum
1203 1970 1207 1975 ,

60 1998 136 2064 aliis
164 1997 387 2090 Peloponnesi
418 1998 602 2064 civitatibus
633 1995 743 2091 Agide
777 1997 863 2065 duce
890 1996 1018 2064 bellum
1045 1996 1106 2063 ad-

60 2125 174 2170 versus
198 2100 400 2168 Macedones
421 2100 605 2183 moverint,
627 2101 664 2168 id
687 2100 781 2195 quod
802 2103 843 2168 ab
865 2102 1044 2194 Antipatro
1066 2102 1105 2167 in

17 2216 20 2221 ’
59 2208 135 2298 ipso
166 2222 243 2272 ortu
270 2227 468 2296 oppressum
493 2202 664 2282 Diodorus
690 2207 822 2288 (XVII,
850 2208 894 2274 62
915 2232 966 2298 sq.
990 2223 1023 2274 et
1046 2207 1103 2297 73)

10 2336 13 2341 ·
62 2310 231 2400 copiosius
251 2307 354 2374 refert
375 2308 437 2373 sub
467 2306 606 2398 Olymp.
631 2307 744 2390 CXII,
773 2308 804 2377 3,
848 2309 1009 2376 Eiusdem
1030 2332 1104 2376 ora-

60 2414 163 2480 tionis
185 2438 219 2505 p.
243 2436 291 2503 72·
316 2410 406 2477 med.
430 2408 471 2477 de
492 2412 597 2478 Dario
619 2410 701 2479 haec
722 2413 784 2478 ait:
813 2409 830 2479 ὅ
851 2415 910 2498 μέκ
930 2419 995 2480 τῶν
1014 2417 1105 2501 Περι

61 2523 127 2586 σῶν
147 2516 293 2600 βασιλεὺς
314 2553 358 2571 -
378 2521 434 2609 νῦν
456 2515 493 2581 οὗ
514 2516 662 2602 περὶτοῦ
683 2514 789 2604 κύριος
810 2513 887 2584 εἶναι
908 2515 1106 2604 {edomuim-

59 2623 228 2709 γωνίζεται,
252 2620 319 2687 ἀλλ’
340 2619 402 2708 ἤδη
424 2622 493 2708 περὶ
513 2625 572 2705 τῆς
589 2625 645 2708 τοῦ
667 2618 814 2705 σώματος
833 2623 998 2708 σωτηρίας.
1044 2617 1106 2688 Illa

62 2726 106 2793 de
128 2723 315 2793 Alexandro
345 2742 378 2791 et
404 2723 487 2791 haec
513 2720 557 2789 de
577 2723 683 2791 Dario
708 2723 752 2790 ad
766 2748 810 2813 ¹ea
832 2725 1006 2792 manifesto
1029 2748 1106 2818 spe*

62 2847 172 2911 etant,
200 2853 286 2922 quae
310 2829 483 2897 victoriam
514 2825 557 2895 ad
586 2828 712 2896 Arbela
744 2830 903 2897 continuo
932 2829 1106 2897 subsecuta

62 2952 152 3016 sunt,
174 2957 296 3025 nempe
319 2932 497 3027 adingam
518 2933 615 3000 Darii
636 2931 891 3026 Alexandrique
908 2931 1006 3000 illum
1025 2955 1107 3023 per·

63 3038 233 3130 sequentis
254 3036 508 3129 profectionem,
531 3062 598 3129 qua
614 3039 809 3105 remotiores
819 3037 919 3104 Asiae
939 3036 1105 3132 regiones,

63 3140 280 3235 Babylonem,
303 3141 450 3207 Persiam
471 3159 504 3209 et
523 3141 674 3209 Mediam
703 3143 817 3245 petiit,
848 3137 939 3206 unde
960 3137 1005 3204 ad
1024 3140 1106 3206 Par-
1195 3158 1198 3169 “
1261 3170 1269 3179 ·

13 3260 15 3267 “
64 3246 138 3336 thos
165 3270 271 3338 usque
299 3269 458 3338 mareque
482 3242 649 3338 Caspium
678 3268 870 3338 progressus
897 3261 985 3326 erat,
1022 3243 1106 3311 dum

64 3351 189 3418 Darius
212 3376 231 3416 a
251 3351 350 3421 besso
371 3349 525 3442 proditus
548 3367 582 3416 et
601 3371 713 3417 caesus
743 3350 882 3416 interiit.
924 3350 1041 3440 Pugna
1061 3344 1107 3416 ad

63 3453 190 3522 Arbela
219 3452 340 3522 accidit
369 3452 506 3546 Olymp.
536 3453 648 3537 CXII,
683 3477 846 3522 amensa
874 3434 1106 3547 Pyanepsione
1161 3538 1164 3543 ⁴
1288 3485 1291 3491 Δ

65 3560 216 3648 (Arrian.
240 3557 356 3650 exped.
379 3557 476 3625 Alex.
500 3558 558 3624 ΙΙΙ.
586 3559 655 3650 15),
684 3581 826 3651 eamque
845 3554 1029 3626 subsecuta
1055 3571 1106 3624 eat
1287 3566 1292 3573 '

65 3662 182 3732 caedes
205 3664 303 3728 Darii
332 3661 471 3756 Olymp
496 3662 614 3745 (oxlt,
648 3664 669 3732 3
696 3662 986 3732 Hecatombaoon'e
1011 3656 1107 3750 (Arri

65 3768 90 3835 l.
113 3791 144 3834 c.
175 3767 236 3835 ΙΙΙ.
265 3767 332 3856 aa).
384 3768 481 3835 Post
493 3775 567 3836 eam
594 3766 788 3837 Alexandro
815 3766 943 3839 Maedis
969 3762 1165 3835 domui*

64 3874 103 3939 in
125 3882 241 3940 casua
243 3865 379 3939 r'everso
402 3871 579 3941 traditos
568 3896 606 3938 tn
628 3872 831 3941 custodiam
841 3892 913 3943 eoae
915 3856 988 3941 ln

64 3976 258 4044 moniorum
286 3974 410 4071 legatos
438 3977 602 4044 Arrianus
631 3976 733 4045 refert
758 3976 798 4062 (l.
826 4000 856 4067 ο.Ι
882 3972 988 4047 mitt

66 4079 275 4187 Blauoard.),
311 4080 370 4174 qui
396 4070 488 4149 missi
517 4081 560 4149 ad
587 4083 733 4166 Darium,
752 4081 910 4167 fricent,
930 4090 956 4153 -’1

915 4270 1009 4305 'rb

877 4318 1016 4344 ,ϊ.
