2594 4672
709 296 775 368 260

658 390 815 406 -—-

344 399 354 447 l

220 468 461 588 Dionysiorum
489 467 713 551 solemnitat03
743 469 896 552 maxime,
917 464 1008 559 quod
1030 467 1162 534 virtutis
1184 491 1257 571 grs-

220 573 267 640 tia
289 589 322 638 et
341 570 602 653 benevolentiae,
626 596 728 664 quam
750 595 828 663 erga
845 570 988 639 Graecos
1003 593 1118 637 omnes
1142 589 1177 639 et
1197 596 1257 667 po-

218 674 339 768 pulum
360 674 599 741 Atheniensem
619 694 781 768 perpetuo
809 677 961 756 haberet,
991 692 1024 741 et
1053 673 1185 767 agendo
1208 675 1257 743 di-

219 779 394 870 cendoqne
424 757 612 847 constanter
632 799 822 870 praestaret.
873 780 915 846 V.
951 778 1068 845 Aesch.
1103 779 1256 879 libellum

217 885 254 952 in
276 885 374 948 Dem.
398 881 440 948 de
464 908 530 951 cor
552 910 587 976 p.
611 884 684 967 243.

303 987 559 1054 Accusationem
592 988 678 1053 hanc
705 986 747 1051 ad
776 988 970 1054 archontem
1000 956 1148 1053 delatam
1182 1005 1256 1055 ante

99 1160 103 1165 ,
216 1090 368 1181 Philippi
391 1092 516 1157 obitum
540 1116 608 1157 esse
624 1091 804 1157 Aeschines
825 1091 951 1157 diserte
974 1093 1020 1156 ait
1041 1115 1089 1157 or.
1112 1093 1152 1156 in
1168 1092 1254 1160 Ctes.

215 1220 250 1288 p.
273 1196 348 1262 85
337 1218 400 1259 tna
425 1192 627 1279 απηνεχθη
609 1223 629 1280 η
658 1195 738 1261 κατὰ
759 1199 849 1261 τοῦδε
872 1202 927 1261 toti
948 1199 1158 1282 ψηφίσματος
1178 1223 1256 1286 χρα-

215 1298 260 1387 φὴ
289 1338 332 1351 -
360 1297 403 1363 ἔτι
434 1301 588 1364 Φιλίππου
624 1301 752 1380 ζῶντος,
788 1301 861 1386 πρὶν
883 1298 1086 1386 Ἀλέξανδρον
1122 1303 1168 1377 εἷς
1201 1301 1256 1387 τὴν

215 1401 315 1488 ἀρχὴν
346 1409 546 1487 καταστῆναι.
597 1401 797 1494 Philippum
827 1403 1004 1467 decessisse
1038 1419 1169 1471 constat
1198 1404 1254 1471 Ol.

216 1504 306 1584 CXI,
333 1528 344 1570 1
373 1505 489 1593 (Diod.
515 1505 604 1572 XVI.
626 1528 680 1595 9ι.
724 1507 859 1571 Arrian.
882 1505 1006 1594 Exped.
1035 1505 1077 1571 A.
1102 1507 1127 1573 l.
1151 1502 1253 1599 init),

213 1633 394 1701 menseque
419 1610 658 1699 Metagitnione
681 1627 736 1674 aut
757 1609 1000 1675 Boedromione
1026 1611 1070 1696 (v.
1096 1609 1194 1679 Gors.
1216 1613 1252 1679 F.

211 1714 253 1784 A.
293 1714 333 1777 T.
375 1711 433 1779 IV.
468 1738 503 1804 p.
539 1713 618 1802 dr..)
668 1712 838 1779 Proelium
875 1730 984 1779 autem
1016 1713 1252 1799 Chaeronense

213 1841 318 1909 quum
346 1819 560 1882 commissum
588 1820 635 1891 sit,
654 1817 791 1908 Olymp.
816 1817 896 1897 CX,
928 1819 946 1884 3
970 1813 1086 1883 mense
1110 1821 1251 1911 Metagi-

211 1921 339 2000 mione,
363 1917 502 2010 Olymp.
533 1920 594 1985 CX
623 1944 711 1999 anno
734 1923 754 1989 3
777 1919 986 1988 solummodo
1015 1944 1075 1987 seu
1105 1921 1127 2009 4
1159 1939 1250 2015 patet

120 2076 125 2083 .
211 2024 440 2115 Pyanepsione
462 2047 581 2090 mense.
598 2021 705 2113 legem
724 2015 948 2115 Ctesiphontis
970 2023 1085 2107 latam,
1105 2025 1248 2118 Elaphe-

210 2128 348 2195 bolione
370 2127 535 2192 actionem
563 2128 600 2193 in
624 2128 876 2220 Ctesiphontem
899 2129 939 2193 ah
962 2128 1127 2196 Aeschine
1148 2131 1242 2195 insti-

210 2249 316 2301 tutam
333 2255 407 2313 esse
429 2254 534 2321 posse.

296 2336 341 2401 Et
369 2332 562 2402 archensem
593 2334 731 2428 quidem
755 2335 1001 2416 Chaerondam,
1025 2334 1120 2404 clade
1144 2337 1249 2405 Chae-

208 2442 345 2511 ronensi
372 2441 536 2530 insignem
543 2455 558 2520 ,'
584 2441 656 2531 ipsa
685 2440 857 2506 Aeschinis
891 2443 1054 2507 accusatio
1085 2443 1247 2533 praefort3

208 2543 299 2611 unde
311 2567 385 2609 eam
397 2540 452 2608 Ol.
466 2540 540 2621 CX,
563 2544 583 2611 3
609 2541 882 2634 Elaphebolionc‚
906 2562 1018 2612 octavo
1029 2564 1107 2636 post
1119 2544 1248 2611 cladem

207 2670 321 2715 mense
354 2644 397 2710 ad
425 2646 617 2712 archontem
646 2646 789 2712 delatam
811 2654 929 2740 pateat.
975 2649 1021 2714 At
1042 2650 1080 2713 in
1096 2652 1246 2717 oratione

210 2751 364 2821 adversus
385 2747 636 2841 Ctesiphontem
654 2751 836 2817 Aeschines
870 2751 1099 2819 demonstrare
1124 2753 1263 2836 volens.

95 2926 99 2938 ,
210 2853 466 2944 Ctesiphontem
491 2852 600 2942 legem
630 2851 671 2918 de
700 2855 890 2922 coronando
919 2857 1149 2924 Demosthene
1168 2881 1247 2951 pro·

206 2961 366 3054 posuisse,
390 2982 495 3049 quum
507 2955 563 3023 ille
575 2965 749 3042 τειχοποιοῦ
771 2984 910 3024 munere
932 2961 1245 3051 adhucfungeretur

112 3074 119 3085 ‘
206 3062 263 3147 (ῶς
276 3065 381 3129 τοίνυν
396 3065 446 3127 καὶ
459 3061 517 3146 τὴν
528 3068 591 3128 τῶν
601 3069 782 3145 τειχοποιῶν
795 3063 895 3151 ἀρχὴν
905 3058 1007 3150 ἦρχεν,
1032 3065 1085 3131 ὅθ’
1097 3058 1190 3143 οὗτος
1209 3065 1243 3131 τὸ

206 3166 358 3254 ψήφισμα
380 3163 506 3253 ἴχραψε,
528 3202 574 3217 ·-
595 3165 713 3232 τούτων
741 3162 814 3249 ὑμῖν
844 3168 940 3233 αὐτὸν
961 3170 1176 3255 Δημοσθένην
1196 3170 1243 3235 καὶ
1289 3196 1291 3201 ’

207 3267 420 3356 Κτησιφῶντα
455 3268 617 3358 μάρτυρας
651 3271 845 3358 παρέξομαι)
884 3258 1075 3345 clarissimis
1119 3272 1240 3340 verbis:

148 3454 153 3463 Ι
207 3374 267 3439 ἐπὶ
294 3371 585 3458 Χαιρῶνδοο”
564 3399 773 3460 αρχοντος,
805 3375 868 3456 ait,
901 3377 1122 3462 Θαργηλιῶνος
1146 3376 1241 3463 μηνὸς

149 3503 174 3542 .·
206 3477 334 3566 δευτέρα
356 3478 536 3562 φθίνοντος,
560 3478 718 3562 ἐκκλησίας
740 3478 834 3564 ουσης
861 3479 977 3565 ἔγραψε
998 3480 1154 3567 ψήφισμα
1173 3484 1240 3564 Δη-

204 3578 414 3665 μοσθένηςᾎ
397 3579 515 3666 αγορὰν
535 3586 662 3665 ποιῆσαι
683 3585 746 3646 τῶν
774 3588 879 3669 φυλῶν
900 3580 1153 3671 Σκιροφοριῶνος
1174 3588 1239 3652 διο-

204 3686 280 3813 τέρᾳ
302 3682 467 3765 ἱσταμένου
488 3685 538 3747 καὶ
560 3687 667 3771 τριτη,
698 3687 748 3749 καὶ
779 3688 974 3764 {aeratae
957 3694 1039 3776 ντῶ
1061 3691 1239 3777 ψηφίσματι

204 3786 335 3871 ἑκάστης
360 3792 422 3851 τῶν
450 3792 558 3872 φυλῶν
586 3785 712 3853 ἑλέσθαι
739 3814 814 3865 τοις
834 3792 1161 3877 ἕπιμεληθησομίνοος
1180 3797 1237 3859 τῶν

204 3888 300 3980 ἔργων
330 3891 378 3956 ἐπὶ
408 3888 449 3954 τὰ
481 3892 565 3975 τείχη
598 3894 648 3956 καὶ
677 3895 792 3990 ταμίας
820 3894 869 3977 (in
893 3895 980 3960 Ctes.
1003 3919 1038 3986 p.
1063 3900 1105 3985 57
1136 3902 1235 3978 extu),

204 3994 326 4086 quibus
349 4010 539 4085 susceptum
561 4019 580 4058 a
602 3994 826 4064 Demosthene
847 4004 1021 4082 τειχοποιοῦ
1042 4023 1167 4068 munus
1188 4001 1236 4065 in·

200 4095 310 4168 dicare
332 4121 409 4167 eum
430 4095 528 4183 velle,
550 4094 729 4180 clarissime
746 4124 782 4170 ex
804 4099 924 4173 additis
945 4100 1071 4194 liquett
1095 4106 1149 4173 καὶ
1167 4101 1234 4191 μάλ’
