2580 4680
572 293 802 404 na.

181 465 311 532 ..ullam
342 462 422 529 facit
453 464 666 532 mentionem.
719 437 827 545 Quam
863 462 906 531 ob
932 483 1004 526 rem
1036 458 1162 528 deca
1184 458 1244 531 ‹Iu-

206 569 323 635 hitavit
344 565 483 636 Wessel.
507 566 549 631 ad
571 565 710 634 Diodon.
734 564 757 633 l.
781 591 821 646 c.,
844 583 877 632 et
898 564 1040 630 refutare
1053 563 1245 643 Diodotum

81 729 83 732 ,
118 662 121 669 ’
207 689 344 739 conatus
367 669 604 738 estWeiskius
628 667 668 735 de
690 670 839 774 Hyperb.
863 669 938 734 diss.
963 668 1004 733 II.
1027 692 1062 758 p.
1085 669 1157 754 4ι.
1188 670 1246 737 Ni-

145 778 148 784 ’
207 775 392 843 hilominus
413 791 490 865 post
511 773 669 838 liberatos
690 775 866 864 Byzantios
888 771 1150 862 Philippumre
1164 779 1246 842 ‘vera
1277 790 1280 797 '

208 904 286 963 cum
311 878 568 959 Atheniensibus
596 901 712 968 pacem
744 876 874 959 secisse,
909 874 1002 967 quod
1029 873 1248 947 credidenuut

105 971 107 975 ⁸
209 983 368 1050 Corsinus
390 981 427 1046 in
452 981 490 1045 F.
513 981 553 1047 A.
577 978 621 1046 ad
643 979 699 1048 Ol.
719 980 801 1062 CX,
827 1006 837 1047 1
867 998 900 1046 et
921 979 1027 1069 Heyn.
1046 979 1085 1045 in
1101 976 1245 1076 Antiqu

206 1089 285 1179 Byz.
309 1084 399 1173 (Soc.
425 1084 539 1174 Gottg.
560 1083 689 1151 Comm.
713 1085 745 1166 I,
767 1109 801 1176 p.
830 1085 893 1174 15),
917 1080 1166 1153 evidentissime
1183 1085 1248 1171 rdo-

189 1207 261 1278 *cet
283 1187 453 1254 decretum
475 1188 732 1254 Atheniensium
755 1189 780 1268 I,
805 1188 847 1253 de
874 1185 1018 1252 induciis
1041 1211 1060 1250 a
1083 1186 1248 1284 Philippo
1278 1200 1281 1205 “

206 1291 360 1386 petendis
388 1290 493 1356 latum
527 1291 663 1384 Olymp.
688 1291 768 1372 CX,
800 1288 1115 1381 2'ElapheboIione
1149 1289 1249 1359 XXV

211 1394 268 1484 (de
291 1420 357 1462 eor.
380 1420 415 1487 p.
445 1399 537 1479 282),
566 1397 604 1461 in
634 1420 700 1488 quo
731 1391 1128 1484 accusatur'Philippus,
1154 1393 1249 1487 quod

208 1501 429 1592 impressione
462 1500 499 1565 in
532 1499 706 1566 Graeciam
719 1536 723 1549 ι
738 1500 838 1581 facta,
873 1523 977 1590 quum
998 1498 1123 1563 viciuos
1146 1499 1248 1583 urhes

208 1605 332 1696 partim
353 1605 421 1670 iam
443 1605 585 1695 ceperit,
612 1605 736 1697 partim
764 1620 952 1695 oppugnet,
985 1624 1104 1693 pacem
1133 1620 1169 1669 et
1191 1603 1249 1670 de·

208 1725 280 1775 tum
302 1707 352 1772 ius
374 1704 554 1772 iurandum
575 1707 720 1773 violarit:
744 1710 791 1786 ἐπὶ
813 1705 871 1792 τὴν
886 1703 1026 1789 Ἀττικὴν
1046 1705 1249 1792 παρασκευά-

203 1815 290 1892 ζεται
312 1813 576 1895 παραγίγνεσθαι,
607 1794 679 1896 παρ’
706 1810 795 1875 cithia
821 1807 989 1894 ἡγούμενος
1016 1807 1249 1895 τὰς-ἡμετέ-

203 1940 278 2004 ρας
299 1912 520 1999 συνθήκας,
542 1915 604 1978 καὶ
627 1912 719 1988 τοὺς
741 1913 879 1998 ὅρκους
905 1910 1009 1976 λύειν
1031 1912 1248 1996 ἒπιβάλλε·

206 2043 272 2091 ναι
303 2019 364 2082 καὶ
394 2014 461 2100 τὴν
494 2015 659 2101 εἰρήνην.
705 2013 831 2080 Eadem
852 2010 1088 2080 1·εοα1·“1·αηῑίη
1110 2016 1246 2085 decreto

191 2120 378 2216 sequenti,
415 2117 720 2210 confirmanturque
755 2120 854 2184 etiam
886 2117 1038 2210 Philippi
1070 2117 1114 2185 ad
1143 2121 1247 2207 Athe-

208 2225 340 2288 nienses
364 2220 511 2316 epistola,
534 2245 596 2289 nee
618 2223 735 2288 referri
756 2238 895 2314 possunt
917 2222 959 2288 ad
974 2246 1092 2314 pacem
1104 2223 1245 2318 Olymp.

209 2325 333 2406 CVIII,
356 2351 376 2392 2
399 2328 626 2419 compositam,
650 2334 752 2418 quam
780 2324 922 2393 solutam
949 2327 1016 2391 iam
1044 2351 1114 2393 esse
1141 2331 1247 2420 raptis

209 2428 409 2522 aPhilippo
432 2431 521 2497 inter
543 2429 752 2522 Selymbriae
784 2429 989 2520 obsidionem
1011 2431 1131 2497 Atticis
1155 2435 1249 2501 navi-

24 2493 45 2521 i'
128 2573 129 2576 =
208 2533 286 2624 giis,
316 2532 559 2603 Boedromione
593 2533 729 2626 Olymp.
754 2533 850 2616 CIX,
873 2535 910 2619 4,
934 2534 1178 2602 Demosthenes
1202 2537 1248 2602 ait

208 2637 251 2702 de
282 2658 348 2702 cor.
377 2662 410 2727 p.
446 2636 510 2725 249
537 2636 591 2717 (cf.
626 2662 697 2728 cap.
731 2637 788 2710 IV.
811 2662 863 2703 nr.
891 2640 943 2728 8),
966 2637 1147 2705 'discissam
1169 2663 1248 2711 vero

208 2739 495 2806 solemnitercssc
519 2740 656 2831 Olymp.
681 2741 753 2822 CX,
780 2765 791 2806 1
819 2731 965 2822 ineunte,
988 2744 1077 2808 inter
1096 2741 1267 2812 obsidio:

160 2844 181 2895 ν’
207 2857 285 2908 nem
308 2843 469 2932 Byzantii,
491 2866 551 2910 nos
574 2866 647 2934 cap.
663 2844 719 2924 IV,
743 2868 762 2933 y
785 2846 860 2910 satis
883 2861 1032 2910 accurate
1046 2864 1248 2915 monstrasse

206 2947 304 3015 nobis
333 2945 497 3012 videmur.
548 2947 638 3013 Tum
675 2949 766 3013 euim
803 2950 875 3040 ipse
907 2947 1085 3040 Philippus
1110 2950 1247 3035 hellum

205 3050 466 3118 Atheniensibus
487 3048 609 3128 indixit
637 3076 698 3143 pen
720 3051 910 3146 epistolam,
941 3075 1024 3143 qnae
1046 3053 1248 3122 Demosthe-

91 3245 93 3249 ·
205 3156 259 3220 nis
294 3154 477 3222 orationem
517 3155 570 3220 ad
612 3155 803 3248 Philippi
846 3154 1067 3247 epistolam
1113 3159 1151 3223 in
1192 3157 1245 3225 ed.

205 3257 314 3322 Reish.
338 3258 476 3349 excipit,
510 3256 735 3350 Indixisseque
758 3283 840 3342 eum
855 3259 976 3353 fatetur
998 3261 1099 3327 etiam
1118 3261 1247 3331 Demo-

149 3394 152 3402 ,
207 3349 338 3428 sthenes
372 3360 410 3425 in
437 3362 507 3453 ipsa
537 3362 600 3428 hae
630 3364 795 3442 oratione,
836 3371 942 3455 quum
974 3359 1078 3430 dicat:
1112 3372 1158 3456 τῷ
1187 3369 1246 3450 μὲν

205 3462 283 3552 ἴργῳ
304 3462 403 3528 πάλαι
424 3470 553 3548 πολεμεῖ
570 3464 649 3551 πρὸς
671 3466 729 3551 τὴν
749 3465 847 3548 πόλιν,
871 3472 915 3556 τῷ
938 3467 972 3532 δὲ
992 3466 1074 3558 λόγῳ
1096 3466 1246 3554 νῦνὸμο-

204 3573 291 3654 tayo
308 3565 360 3632 διὰ
381 3574 438 3650 τῆς
460 3570 639 3652 {accentua-
661 3591 695 3658 p.
724 3573 800 3652 1525
829 3586 901 3634 tum
931 3569 1028 3636 etiam
1056 3570 1246 3640 Athenien·

204 3693 254 3736 ses
276 3670 368 3766 pacis
393 3669 532 3763 Olymp.
558 3671 680 3753 CVIII,
715 3695 734 3736 2
759 3696 836 3737 cum
856 3669 1014 3764 Philippo
1037 3678 1244 3767 compositae

204 3771 397 3850 columnam
419 3771 569 3841 demoliti
591 3781 669 3839 s'unt
698 3774 901 3845 Philochoro.
922 3792 1003 3842 teste
1025 3800 1077 3868 ap.
1099 3779 1243 3873 Dionys.

203 3874 278 3942 Hal.
307 3874 330 3941 I.
361 3899 389 3942 c.
424 3883 452 3952 δ.
481 3900 536 3956 tt,
570 3893 603 3941 et
635 3875 774 3945 bellicos
803 3873 978 3971 apparatus
1006 3880 1244 3969 instruxerunt,

201 4003 265 4070 pec
292 4003 375 4069 quos
405 3980 666 4059 Chetsonesitas,
696 3981 870 4073 Byzantios
900 4000 932 4050 et
958 3980 1105 4077 reliquos
1134 3989 1244 4057 socIos

200 4081 343 4155 servatos
366 4106 454 4165 esse,
490 4082 732 4156 Demosthenes
758 4085 861 4156 refert
885 4085 908 4155 l.
931 4111 959 4157 e.
986 4111 1023 4180 p.
1047 4091 1135 4174 252,
1165 4094 1242 4185 ²57·
