2594 4672
642 240 799 346 2⁸3..

198 411 331 487 detorto
357 434 428 500 non
455 433 540 505 opus
568 428 640 478 erat
665 413 837 478 institutae
866 410 1005 489 aetionis
1027 426 1172 504 tempus.
1186 437 1245 482 uc·

38 587 40 599 ,
143 595 146 598 ,
197 536 314 585 curate
337 515 515 584 definitum
542 538 729 608 opponere3
760 533 800 582 et·
814 514 985 602 «ἀπηνέχθη
1013 511 1035 600 ἡ
1062 516 1171 605 γραφὴ
1194 519 1245 587 i'ss

198 626 315 704 ζῶντος
337 619 696 713 Φιλίνωωναεεροαᾶεῑ
716 618 915 700 Aeschines,
939 642 1005 723 quo
1027 619 1149 688 melius
1163 646 1246 690 ‘oar-

197 749 282 820 pere
317 726 417 792 etiam
451 725 667 817 sequentihus
703 725 966 793 Demosthenem
997 725 1118 817 possit:
1156 727 1246 795 οἴσω

93 846 96 853 ’
197 853 258 900 σαν
290 829 328 897 τὸ
357 832 427 919 περὶ
454 831 643 898 Παυσανίαν
669 829 809 896 ἐνύπνιον
836 827 1027 918 impositor,
1056 829 1136 896 :etse
1164 830 1247 920 πρὸς

196 933 258 1022 τὴν
273 933 413 1021 Ἀθηνᾶν
434 936 485 1001 καὶ
506 933 565 1020 τὴν
578 933 685 1021 Ἥραν
706 932 826 1022 νύκτωρ
855 933 1068 1020 διειλεγμένον.
1113 932 1247 1004 Eodem

197 1038 275 1161 loco
303 1037 405 1130 paulo
433 1054 510 1130 post
530 1035 748 1128 sequentibus
774 1054 913 1105 excusat
940 1034 1079 1129 quidem
1105 1039 1248 1107 Aeschi-

196 1131 259 1207 ne‘s
284 1163 373 1221 sesa,
409 1138 502 1232 quod
535 1140 749 1233 tempestivo
756 1159 909 1233 tempore
936 1163 1091 1207 accusare
1111 1142 1249 1213 Demo·

196 1243 400 1311 sthenem
371 1259 510 1335 eiusque
531 1267 677 1337 poenam
692 1248 852 1337 persequi
867 1243 1024 1311 diutius
1014 1247 1247 1315 intermiserit.

197 1345 268 1414 Sed
290 1370 375 1440 quae
396 1344 490 1429 dicit,
513 1371 552 1414 ea
573 1347 617 1414 ad
638 1349 825 1440 superiores
847 1346 992 1414 calculos
1009 1364 1141 1416 nostros
1154 1351 1248 1442 opti-

164 1538 166 1544 y
196 1475 253 1532 me
272 1469 477 1543 congruunt,
500 1452 708 1545 quinetiam
734 1474 791 1519 eos
813 1451 1023 1520 confirmant.
1066 1453 1158 1518 Ante
1180 1479 1247 1547 pu·

134 1586 136 1591 ·
197 1555 611 1648 gnamIChaeronensem,
633 1556 694 1638 ait,
715 1558 867 1624 resistere
886 1573 922 1622 et
942 1555 1138 1623 melioribus
1162 1581 1246 1626 con·

129 1700 144 1711 ·-
196 1659 284 1728 siliis
305 1660 574 1752 rempublicam
600 1656 757 1728 adiuvare
785 1678 969 1728 tentantem
997 1683 1052 1732 me
1073 1684 1245 1752 represse-

196 1781 281 1832 runt
300 1765 553 1846 Demosthenis,
586 1765 648 1857 qui
681 1753 754 1831 tuni
780 1763 901 1858 populi
928 1764 1074 1832 favorem
1097 1786 1245 1858 occupa·

196 1886 299 1951 verat,
322 1868 523 1953 calumniae3
545 1885 722 1960 postquam
744 1886 921 1936 consecuta
934 1885 1004 1934 erat
1015 1865 1138 1951 clades,
1162 1893 1244 1938 con-

197 1973 294 2041 tinuo
316 1974 477 2066 persequi
507 1990 540 2039 te
570 1995 649 2038 sane
676 1996 731 2038 me
753 1972 967 2065 oportuisset,
994 1972 1054 2038 sed
1074 1970 1243 2064 legatione

137 2123 140 2126 -
197 2094 285 2144 tum*
292 2100 355 2168 pro
379 2075 486 2142 salute
507 2074 646 2141 civitatis
674 2094 839 2168 occupato
869 2077 976 2143 otium
999 2074 1173 2143 deficiebat
1194 2078 1240 2143 ad

195 2202 342 2272 poenam
368 2205 388 2246 a
414 2197 448 2246 to
480 2176 715 2272 repetendam
750 2197 786 2246 tu
806 2203 893 2248 vero
926 2204 970 2246 ne
1002 2180 1068 2248 hoc
1101 2180 1239 2274 quidem
1287 2220 1288 2224 =

196 2301 373 2353 contentus
387 2283 489 2365 fuisti,
512 2281 604 2374 quod
618 2281 822 2376 supplicium
837 2284 1011 2376 effugeras,
1025 2303 1242 2379 quapropter

197 2413 309 2480 quum
328 2389 428 2455 etiam
445 2390 625 2490 gratiarum
640 2391 807 2455 actionem
823 2413 842 2453 a
856 2388 985 2482 populo
999 2386 1192 2458 desiderare
1207 2415 1242 2458 es

196 2517 307 2575 ausus,
328 2510 400 2559 tum
423 2493 529 2558 exstiti
551 2510 584 2558 et
604 2490 698 2558 litem
720 2491 867 2559 intendi:
895 2501 952 2580 τῆς
976 2493 1081 2579 μαχης
1099 2497 1242 2598 ἐπιγενο-

195 2597 348 2684 μίνης’
314 2623 369 2663 ουκ
390 2594 594 2680 ἐσχολάζομεν
614 2599 683 2684 περὶ
714 2596 773 2682 τὴν
798 2597 857 2683 σὴν
884 2595 960 2664 εἶναι
981 2600 1150 2685 τιμωρίαν,
1175 2600 1242 2666 ἀλλ’

165 2744 167 2747 v
195 2699 276 2790 ὑπὲρ
303 2707 360 2785 τῆς
387 2701 542 2786 σωτηρίας
571 2707 629 2786 τῆς
661 2700 779 2788 νωλεως
805 2701 1042 2789 ἐπρεσβεύομεν·
1076 2703 1184 2789 ἐπειδὴ
1215 2705 1242 2771 δ’

96 2837 98 2842 ·
196 2804 257 2871 uos
287 2803 406 2891 ἆαίχρη
435 2826 484 2868 σοι
513 2804 602 2887 δίκην
627 2803 672 2889 μὴ
704 2804 882 2886 δεδωκέναι,
920 2805 1001 2872 ἀλλὰ
1034 2809 1089 2879 καὶ
1121 2807 1242 2895 δωρεὰς

195 2911 298 2987 alceia
313 2948 358 2962 -
389 2905 515 2975 ἐνταῦθ’
545 2907 670 2994 ἐνέστην
697 2911 748 2976 καὶ
780 2895 838 2989 τὴν
863 2910 987 2998 γραφὴν
1013 2909 1173 2998 ἀπήνεγκα
1193 2918 1239 3003 (p.

197 3013 243 3081 86
263 3013 360 3098 init).
404 3011 466 3078 His
488 3029 578 3078 certe
604 3011 691 3078 nihil
712 3014 821 3094 inest,
845 3007 938 3105 quod
966 3017 1152 3083 sententiae
1178 3039 1240 3084 no-

196 3134 284 3184 strae
314 3116 358 3184 de
382 3133 534 3210 tempore
563 3117 731 3185 institutae
758 3119 897 3185 actionis
915 3136 1102 3210 repugnet.
1153 3121 1240 3187 Nam

84 3292 87 3295 ,
196 3242 295 3287 causa
321 3222 473 3294 instituta
500 3238 549 3288 est
576 3238 689 3291 octavo
719 3220 856 3295 demum
881 3240 958 3313 post
973 3221 1109 3290 ‘cladem
1132 3225 1240 3292 Chae-

194 3340 375 3392 ronensem
395 3350 526 3410 mense,
556 3326 676 3419 legatio
700 3344 826 3409 autem,
849 3352 951 3419 quam
972 3329 1080 3419 tangit
1099 3329 1240 3397 Aeschi-

196 3451 268 3509 nes,
285 3438 357 3493 'una
380 3448 429 3498 est
458 3448 491 3498 et
512 3453 551 3496 ea
573 3429 726 3524 quidem,
758 3455 860 3523 quam
881 3433 1040 3500 continuo
1070 3451 1149 3525 post
1177 3458 1240 3526 pu·

196 3556 299 3626 gnam
329 3533 428 3622 pacis
448 3558 545 3602 eausa
578 3532 621 3600 ad
649 3533 866 3627 Philippum,
889 3538 926 3602 in
946 3537 1085 3604 Boeotia·
1105 3561 1240 3604 versan-

196 3653 278 3718 tem,
300 3637 429 3721 obibat3
456 3663 574 3731 pacem
602 3657 713 3706 autem
741 3640 835 3708 brevi
847 3659 937 3733 post
963 3640 1096 3770 eludent
1126 3643 1240 3712 conci-

155 3820 157 3824 ,
195 3739 314 3854 ilatum
335 3764 435 3833 supra
455 3744 719 3810 monstravimus

180 3868 184 3874 ’
285 3839 415 3914 Verum
454 3848 540 3913 actio
576 3843 713 3940 Olymp.
745 3848 825 3929 CX,
838 3846 1199 3942 '3Elapheboli0ne
1187 3875 1240 3917 rn-

195 3949 312 4020 nituu
333 3951 416 4039 (iam
438 3951 529 4043 enim
551 3949 594 4017 ad
616 3951 751 4020 alteram
779 3952 1013 4045 disputationis
1039 3954 1140 4022 huius
1164 3979 1240 4049 par-

122 4105 124 4110 s
158 4085 161 4090 ·
197 4071 268 4126 tem
287 4057 524 4139 convertimur)
544 4080 607 4149 per
629 4075 703 4125 octo
725 4081 834 4126 annos·
844 4056 1025 4150 pendebat,
1048 4050 1162 4129 donee
1183 4058 1241 4128 ds-
