2594 4672
494 244 649 345 *tt-3-

60 412 197 505 legatio
224 410 325 500 igitur
344 410 506 477 nimirum
540 436 578 475 ca
602 427 668 489 est,
702 436 802 503 quam
834 436 923 477 anno
952 412 1090 507 Olymp.

10 532 12 537 '
61 515 152 597 clx,
178 540 190 581 t
215 513 259 579 ad
280 510 473 609 Philippum
495 518 629 581 missam
659 538 729 581 esse
756 517 846 607 pacis
873 518 1091 608 corrigendae

50 612 167 701 'cauam
189 618 263 685 Ioco
284 620 433 707 proxime
448 619 600 710 sequenti
619 619 886 685 monstrabimus.
930 620 1092 689 Eiusdem

31 734 34 739 ’
59 740 151 793 certe
173 722 377 791 mentionem
399 721 641 788 Demosthenes
662 721 742 788 facit
763 724 798 787 in
821 746 869 789 or.
898 752 929 791 π.
952 750 1090 815 παραπρ.

56 830 92 921 p.
111 826 204 918 447,
225 826 287 918 qui
314 824 407 893 locus
435 851 514 891 cum
541 826 650 892 verbis
679 828 819 893 oratoris
849 824 890 892 de
913 826 1032 895 Halon.
1055 858 1089 923 p.

21 928 24 933 ’
57 956 94 1023 7¹
128 929 359 1025 pronunciatis
388 928 471 996 adeo
506 931 690 1023 conspirat,
728 947 765 996 ut
798 928 938 997 eandem
971 933 1028 998 hic
1059 953 1091 1001 et

56 1034 131 1103 illic
161 1032 344 1127 significari
373 1034 571 1124 legationem
605 1032 692 1100 nulli
727 1036 771 1101 sit
806 1033 1004 1101 dubitationi
1033 1040 1093 1103 ob-

59 1140 211 1217 noxium,
232 1140 425 1229 praesertim
441 1164 544 1230 quum
557 1150 697 1230 uuuq'ue
708 1140 810 1205 oratio
824 1136 943 1205 eodem
957 1137 1092 1233 Olymp.

61 1242 138 1311 clx
158 1264 250 1309 anno
277 1266 296 1307 a
323 1242 435 1308 habita
462 1242 551 1331 sit.*)
602 1243 712 1310 Priori
740 1261 850 1309 autem
873 1243 947 1309 Ioco
970 1244 1093 1311 Demo-

61 1346 191 1413 sthenes
215 1346 437 1438 Hegesippum
454 1345 639 1411 interfuisse
661 1345 820 1436 legationi
843 1346 959 1431 refert,
982 1351 1092 1439 ipsum

62 1448 297 1528 mediniano,
319 1450 415 1516 verba
434 1450 505 1542 ipsa
519 1449 607 1515 clare
626 1448 786 1515 Indicant.
831 1451 1004 1516 Praeterea
1017 1472 1093 1541 post

63 1552 201 1647 Olymp.
232 1551 359 1633 CVIII,
388 1578 408 1620 n
436 1579 480 1620 ne
507 1554 628 1620 obiisse
660 1552 798 1643 quidem
828 1554 1091 1621 Demosthenem

62 1654 164 1725 ullam
194 1655 238 1739 ad
261 1654 452 1748 Philippum
480 1656 677 1747 legationem
699 1654 752 1721 vel
774 1657 845 1722 solo
869 1682 904 1721 ex
927 1659 1093 1724 Aeschine
1188 1724 1192 1733 ,

65 1780 200 1843 constat,
224 1748 356 1851 quibis
377 1761 476 1828 modo
505 1786 582 1827 eum
609 1763 646 1826 in
670 1758 903 1857 Macedoniam
926 1786 994 1827 esse
1015 1788 1095 1853 pro-

62 1866 185 1933 fectum
208 1887 357 1957 expresse
380 1882 513 1932 testatur
540 1867 592 1949 (in
615 1865 702 1931 Ctes.
723 1887 758 1955 p.
781 1864 855 1949 64),
890 1864 947 1931 01.
970 1891 1092 1959 nempe

63 1968 181 2053 CVIII,
207 1992 238 2049 a,
261 1991 328 2058 quo
359 1985 507 2061 tempore
539 1967 581 2033 de
609 1991 693 2060 pace
722 1969 868 2034 ineunda
898 1987 1006 2036 actum
1036 1991 1092 2039 cst.
1219 2016 1221 2023 ·

56 2072 157 2159 Quae
186 2096 293 2165 quum
326 2072 372 2138 ita
400 2074 484 2152 sint,
518 2070 724 2164 exploratum
755 2071 791 2137 id
818 2090 913 2139 certe.
935 2076 999 2140 iam
1038 2093 1095 2157 est,

58 2176 223 2253 orationis
250 2175 293 2241 de
329 2174 492 2243 Haloneso
526 2177 784 2243 Demosthenem
819 2196 988 2245 auctorem
1024 2203 1094 2244 nou

63 2302 167 2363 canen
182 2276 407 2373 Ilegesippum
428 2304 496 2347 esse
519 2298 555 2345 ut
576 2298 768 2361 statuamus,
802 2305 930 2345 summa
959 2284 1029 2347 'veri
1051 2285 1095 2347 si-

33 2428 41 2439 ·
63 2382 220 2453 militndo
239 2382 364 2451 suadet.

62 2594 97 2663 3.
140 2616 174 2685 p.
197 2616 260 2680 ²7²
289 2617 338 2683 sq.
366 2592 417 2659 ὅτε
449 2593 508 2677 γὰρ
538 2593 683 2657 Πύθωνα
717 2593 870 2667 Φίλιππος
898 2592 1016 2674 ἔπεμψε
1043 2592 1096 2656 τὸν

106 2696 278 2779 Βυζάντιον
298 2725 324 2762 κ.
347 2723 375 2764 τ.
398 2704 426 2764 λ.
449 2720 552 2788 usque
580 2694 622 2761 ad
649 2696 748 2762 verba
773 2699 870 2782 μυρία
898 2698 1001 2761 τοίνυν
1021 2697 1096 2781 ἕτερ’

104 2802 363 2884 &wernima-

85 2902 112 2973 ’,
149 2906 263 2989 Quae
284 2907 337 2971 sit
366 2906 446 2971 ista
468 2892 675 2994 Pythonis
697 2903 872 2992 legati03
896 2926 973 2993 quo
997 2922 1098 2969 tern-

101 3032 215 3105 pore
232 3010 455 3097 Anaxinus,
478 3006 668 3100 Philippi
694 3008 955 3099 explorator,
972 3006 1099 3070 Athe-

100 3115 177 3183 nis
209 3112 546 3205 comprehensus
575 3113 648 3193 sit3
682 3112 842 3190 Nicias,
880 3134 1000 3201 quem
1031 3134 1100 3175 ar-

101 3218 312 3285 chontem
332 3217 374 3283 τὸ
396 3217 613 3304 μαρτύριον
635 3212 784 3294 affert,
813 3213 1007 3307 adquam
1030 3234 1107 3280 an-¹

100 3346 206 3389 num
229 3323 457 3413 pertineat,
479 3321 772 3408 investigatur.

100 3436 103 3441 ·
416 3426 497 3479 otymp.
510 3426 564 3471 cnr,
580 3438 588 3463 ι
603 3433 623 3463 u
637 3424 689 3470 ctx.
704 3407 745 3479 Ἃ.

101 3570 105 3579 ·
148 3526 210 3599 Ad
222 3524 407 3618 Pythonem
429 3529 521 3620 quod
543 3530 670 3609 attinet,
693 3529 730 3591 in
752 3551 791 3593 eo
814 3529 996 3593 communis
1019 3529 1101 3595 scri-

50 3628 205 3731 pturum
239 3649 272 3697 et
298 3631 515 3723 interpretum
539 3655 633 3699 error
667 3648 731 3710 est,
764 3628 857 3722 quod
890 3630 1100 3723 legationem,

98 3970 129 4061 ⁶)
154 3992 204 4029 or.
231 3988 264 4027 n.
287 3988 423 4047 παραπρ.
445 3968 531 4027 rerba
554 3970 623 4027 baec
645 3982 726 4027 sunt:
752 3961 806 4025 τὸν
828 3961 887 4045 γὰρ
907 3958 1102 4042 Ἡγήσιππον

148 4048 252 4139 ὁρᾶτε
275 4052 324 4116 καὶ
344 4049 416 4129 τοὺς
436 4052 500 4133 μετ’
523 4049 618 4115 αὐτοῦ
641 4049 784 4136 πρέσβεις
806 4048 889 4121 ὅπως
910 4048 1044 4124 ἐδέξατο.
1061 4086 1100 4097 -
