2594 4672
501 275 657 385 ..3⁸2

59 450 297 516 Thebanorum
339 470 358 514 a
401 447 642 516 Macedonibus
682 447 822 515 delectio
862 465 894 513 et
933 447 1097 538 interitus,

58 543 265 620 Athenarum
298 555 379 619 item
412 550 644 619 rebellantium
675 569 798 620 tremor
828 576 865 618 ac
893 554 1097 644 periculum,

57 657 280 747 redintegrata
308 679 385 722 cum
412 655 598 722 Alexandro
626 677 711 749 pax,
742 652 889 746 denique
905 654 1096 724 'Alexandri

57 765 94 827 in
125 761 240 846 Asiam
275 760 504 850 transgressio,
539 759 687 850 inquieta
723 783 813 825 sanc¹
829 780 874 824 ac
906 760 1109 828 turbulenta

59 872 226 956 tempora,
251 864 287 924 in
316 860 438 952 quihus
452 862 649 928 -verisimile
672 881 730 942 est,
753 862 953 949 Aeschinem
977 889 1014 930 ac
1029 867 1098 945 De-

58 967 264 1036 mosthenem
297 965 518 1056 legationibus
547 989 609 1055 pro
632 964 823 1056 republica
847 968 1006 1058 susceptis
1028 990 1098 1036 sae·

56 1075 133 1164 pius
170 1068 310 1136 Athenis
351 1066 503 1132 abfuisse.
570 1069 788 1134 Demostheni
825 1087 913 1136 certe
945 1063 1097 1150 novimus

57 1175 183 1240 Thebis
203 1170 324 1236 dirutis
353 1168 552 1261 legationem
579 1194 648 1237 esse
678 1172 734 1236 ad*
750 1171 976 1239 Alexandrum
1002 1200 1098 1242 man·-

59 1277 178 1343 datam.
223 1272 342 1339 Aesch.
365 1275 403 1339 in
427 1273 514 1339 Ctes.
536 1299 570 1364 p.
601 1274 652 1363 76.
684 1272 771 1340 Plut.
796 1276 967 1342 Demosth.
991 1261 1018 1344 c.
1043 1278 1112 1349 23..

31 1456 34 1461 ,
59 1380 128 1447 Sed
157 1377 348 1469 gravissima
387 1376 565 1443 diuturnae
598 1375 688 1442 illius
714 1379 970 1446 intermissionis
1000 1403 1097 1449 causa

58 1487 95 1550 in
123 1484 227 1574 ipsius
261 1480 399 1548 actionis
429 1482 569 1548 materia
606 1498 639 1549 et
674 1479 867 1548 conditione
907 1486 1097 1575 quaerendi

58 1585 199 1656 videtur.
244 1584 327 1650 Erat
349 1585 440 1665 enim
456 1586 540 1652 actio
563 1582 696 1676 publica
709 1601 742 1650 et
763 1607 810 1665 ea,
834 1586 870 1649 in
893 1606 968 1678 qua,
992 1609 1098 1678 quum

58 1690 242 1757 Aeschines
265 1690 302 1753 in
324 1688 508 1755 universam
531 1688 767 1755 Demosthenis
789 1690 838 1754 rei
855 1689 1014 1780 publicae
1037 1713 1098 1784 gu-

56 1794 290 1861 bernationem
312 1794 522 1857 accusatione
544 1816 601 1856 sua
624 1810 708 1858 esset
729 1793 891 1870 invectus,
921 1794 957 1858 id
981 1797 1097 1886 ageba-²

58 1919 124 1980 tur,
146 1916 183 1964 ut
205 1918 362 1989 quaeres
384 1894 520 1987 publica
550 1893 703 1962 adversus
732 1895 934 1962 Macedones
957 1899 1097 1989 cepisset

58 2000 210 2082 consilia,
243 2024 348 2093 quum
379 2023 417 2064 ea
447 2024 465 2063 a
494 1999 718 2066 Demosthene
750 2001 959 2092 potissimum
989 2013 1097 2068 essent

57 2106 216 2200 profecta,
240 2120 296 2172 aut
317 2126 356 2169 eo
380 2102 533 2169 damnato
557 2104 904 2186 iniurianotarentur,
927 2123 1097 2202 autlooma

58 2210 282 2301 probarehtur
304 2205 464 2272 absoluto.
510 2204 599 2271 lllud
614 2230 720 2298 ‚agens
735 2208 941 2274 adversarius
964 2229 1096 2276 causam
1155 2225 1159 2230 '

61 2334 100 2378 eo
124 2328 274 2402 tempore
301 2307 460 2374 insidiose
488 2308 650 2395 instituit,
685 2335 752 2402 quo
779 2310 1035 2377 Atheniensium
1065 2326 1098 2383 et
1145 2322 1147 2326 ”

61 2431 212 2506 acceptas
233 2413 434 2479 calamitates
464 2410 728 2503 deplorantium,
760 2431 792 2480 et
821 2414 863 2479 de
891 2437 975 2506 pace
1004 2418 1097 2506 turpi

58 2517 309 2610 indignatorum
339 2518 422 2582 iram
456 2514 637 2607 odiumque
666 2518 704 2582 in
731 2517 1008 2600 Demosthenem,
1042 2543 1098 2585 re-

61 2624 267 2690 centissimae
304 2645 418 2687 rerum
448 2618 645 2686 miserabilis
683 2619 885 2689 conditionis
918 2638 1097 2704 auctorem,

59 2724 217 2793 facillime
245 2726 371 2792 moveri
401 2748 497 2816 posse
528 2724 689 2816 sperabat.
740 2727 785 2792 At
813 2729 848 2793 in
878 2727 942 2793 hoc
970 2747 1098 2795 morem

61 2854 174 2922 gerere
195 2829 373 2898 adversarii
399 2828 649 2895 malevolentiae
670 2830 801 2927 vetabat
822 2846 855 2895 et
876 2830 1013 2898 ambitio
1034 2856 1099 2924 pu·-

60 2933 166 3014 blica,
198 2933 278 3000 licet
304 2932 496 3001 infortuniis
524 2932 642 3014 fracta,
667 2950 700 3000 et
720 2934 802 2999 iusta
816 2934 888 3002 ,viri
912 2932 954 2998 de
976 2954 1014 2998 re
1034 2959 1100 3024 pua

60 3037 149 3103 blica
172 3039 303 3128 egregie
324 3038 436 3103 meriti
460 3038 657 3117 aestimatio,
689 3060 774 3128 quae
797 3037 878 3125 ipsis
901 3035 1103 3117 calamitati·¹
1166 3072 1169 3078 Δ

60 3142 124 3208 bus
147 3164 358 3232 nequaquam
381 3139 549 3208 deminuta
572 3157 635 3220 est,
652 3141 736 3231 quin
759 3140 839 3205 ortis
860 3158 937 3229 post
956 3126 1099 3208 mortem
1125 3136 1132 3152 “

62 3244 216 3337 Philippi
246 3246 337 3313 novis
360 3245 505 3313 motibus
527 3243 609 3310 adeo
633 3257 795 3323 creverat,
825 3260 863 3309 ut
884 3267 989 3334 quum
1005 3245 1100 3312 Thea
1157 3281 1159 3285 v

61 3348 114 3415 bis
144 3347 261 3415 dirutis
300 3372 362 3441 pro
395 3371 478 3440 pace
517 3345 776 3416 Atheniensibus
812 3345 1025 3416 concedenda
1059 3349 1101 3416 ab
1132 3353 1134 3359 '
1243 3342 1246 3346 ’

61 3451 252 3520 Alexandro
300 3470 529 3544 exposceretur
577 3449 690 3542 (quod
740 3446 812 3542 ipse
860 3451 1101 3520 Demosthenes

63 3557 171 3648 tangit
197 3555 238 3621 de
267 3580 333 3624 cor.
352 3552 511 3649 ‘p.'2439),
533 3553 677 3648 prodere
698 3577 774 3620 eum
797 3571 895 3647 turpe
916 3557 1101 3648 ingratum.
1199 3626 1205 3637 ἱ
1264 3582 1276 3603 .

64 3661 236 3753 quesita
260 3661 389 3726 civitate
411 3660 606 3727 iudicatum.
629 3659 675 3743 V.
687 3657 809 3723 Aesch.
832 3660 869 3724 in
892 3658 979 3727 Ctes.
1001 3683 1036 3754 p.
1059 3655 1104 3749 76

64 3781 146 3830 extr.
177 3761 316 3829 Diodor.
357 3763 465 3830 XVll.
507 3766 555 3830 15.
584 3763 672 3829 Plut.
706 3761 878 3828 Demosth.
919 3764 971 3839 23.
997 3762 1101 3837 Pho⁶³
1202 3786 1205 3791 ·
1278 3771 1285 3791 ·-

68 3891 118 3949 17.
141 3863 386 3932 Pseudo-Plut.
399 3867 435 3931 in
448 3865 619 3933 Demosth.
635 3890 668 3956 p.
682 3865 747 3942 266
758 3863 809 3930 ed.
831 3864 873 3931 H.
918 3864 1000 3947 Itan

65 3969 235 4041 absolvere
264 3969 525 4037 Demosthenem
556 3969 811 4059 collaudareque
840 3966 979 4049 rotabat

10 4129 12 4135 .
65 4076 217 4167 primum
238 4072 394 4165 Philippi
414 4073 566 4157 victoris,
588 4090 665 4179 tum
696 4070 902 4160 Alexandri,
917 4066 976 4181 etti

734 4180 816 4251 19·
864 4235 867 4241 .
911 4217 916 4225 ·
