<?xml version="1.0" encoding="UTF-8"?>
<!DOCTYPE html PUBLIC "-//W3C//DTD XHTML 1.0 Transitional//EN"
    "http://www.w3.org/TR/xhtml1/DTD/xhtml1-transitional.dtd">
<html xmlns="http://www.w3.org/1999/xhtml" xml:lang="en" lang="en">
 <head>
  <title>
</title>
<meta http-equiv="Content-Type" content="text/html;charset=utf-8" />
  <meta name='ocr-system' content='tesseract 3.04.00' />
  <meta name='ocr-capabilities' content='ocr_page ocr_carea ocr_par ocr_line ocrx_word'/>
</head>
<body>
  <div class='ocr_page' id='page_1' title='image "./commentariihist00wiengoog_0063.png"; bbox 0 0 2594 4672; ppageno 0'>
   <div class='ocr_carea' id='block_1_1' title="bbox 673 245 716 304">
    <p class='ocr_par' dir='ltr' id='par_1_1' title="bbox 673 245 716 304">
     <span class='ocr_line' id='line_1_1' title="bbox 673 245 716 304; baseline 0 0"><span class='ocrx_word' id='word_1_1' title='bbox 673 245 716 304; x_wconf 81' lang='lat' dir='ltr'>to</span> 
     </span>
    </p>
   </div>
   <div class='ocr_carea' id='block_1_2' title="bbox 616 331 1033 364">
    <p class='ocr_par' dir='ltr' id='par_1_2' title="bbox 616 331 1033 364">
     <span class='ocr_line' id='line_1_2' title="bbox 616 331 1033 364; baseline 0.002 -24"><span class='ocrx_word' id='word_1_2' title='bbox 616 333 771 346; x_wconf 47' lang='lat'>„„.‚...-.</span> <span class='ocrx_word' id='word_1_3' title='bbox 1013 331 1033 364; x_wconf 26' lang='grc' dir='ltr'>ἃ</span> 
     </span>
    </p>
   </div>
   <div class='ocr_carea' id='block_1_3' title="bbox 175 407 1244 819">
    <p class='ocr_par' dir='ltr' id='par_1_3' title="bbox 175 407 1244 819">
     <span class='ocr_line' id='line_1_3' title="bbox 175 407 1220 507; baseline -0.002 -25"><span class='ocrx_word' id='word_1_4' title='bbox 175 413 329 507; x_wconf 91' lang='lat' dir='ltr'>Philippi</span> <span class='ocrx_word' id='word_1_5' title='bbox 352 436 391 482; x_wconf 86' lang='lat' dir='ltr'>ex</span> <span class='ocrx_word' id='word_1_6' title='bbox 413 435 480 480; x_wconf 90' lang='lat' dir='ltr'>uno</span> <span class='ocrx_word' id='word_1_7' title='bbox 502 426 641 505; x_wconf 91' lang='lat' dir='ltr'>parente</span> <span class='ocrx_word' id='word_1_8' title='bbox 662 408 816 491; x_wconf 78' lang='lat' dir='ltr'>fratrem,</span> <span class='ocrx_word' id='word_1_9' title='bbox 839 409 1020 502; x_wconf 85' lang='lat' dir='ltr'>imperium</span> <span class='ocrx_word' id='word_1_10' title='bbox 1041 407 1220 503; x_wconf 45' lang='lat' dir='ltr'>adspirans</span> 
     </span>
     <span class='ocr_line' id='line_1_4' title="bbox 175 512 1244 608; baseline 0 -22"><span class='ocrx_word' id='word_1_11' title='bbox 175 537 253 587; x_wconf 76' lang='lat' dir='ltr'>tem¹</span> <span class='ocrx_word' id='word_1_12' title='bbox 272 517 462 598; x_wconf 88' lang='lat' dir='ltr'>adiuvabat,</span> <span class='ocrx_word' id='word_1_13' title='bbox 496 517 623 608; x_wconf 90' lang='lat' dir='ltr'>quippe</span> <span class='ocrx_word' id='word_1_14' title='bbox 651 536 752 607; x_wconf 85' lang='lat' dir='ltr'>quem</span> <span class='ocrx_word' id='word_1_15' title='bbox 781 513 1017 594; x_wconf 86' lang='lat' dir='ltr'>Athenienses,</span> <span class='ocrx_word' id='word_1_16' title='bbox 1048 515 1077 580; x_wconf 90' lang='lat' dir='ltr'>si</span> <span class='ocrx_word' id='word_1_17' title='bbox 1111 540 1217 607; x_wconf 82' lang='lat' dir='ltr'>regno</span> <span class='ocrx_word' id='word_1_18' title='bbox 1232 512 1244 535; x_wconf 67' lang='lat'><strong>²</strong></span> 
     </span>
     <span class='ocr_line' id='line_1_5' title="bbox 175 617 1220 713; baseline -0.001 -24"><span class='ocrx_word' id='word_1_19' title='bbox 175 640 260 689; x_wconf 90' lang='lat' dir='ltr'>esset</span> <span class='ocrx_word' id='word_1_20' title='bbox 279 622 419 713; x_wconf 87' lang='lat' dir='ltr'>potitus,</span> <span class='ocrx_word' id='word_1_21' title='bbox 445 617 670 712; x_wconf 85' lang='lat' dir='ltr'><strong>Amphipolin</strong></span> <span class='ocrx_word' id='word_1_22' title='bbox 692 618 756 684; x_wconf 91' lang='lat' dir='ltr'>sibi</span> <span class='ocrx_word' id='word_1_23' title='bbox 782 619 1015 687; x_wconf 87' lang='lat' dir='ltr'>restituturum</span> <span class='ocrx_word' id='word_1_24' title='bbox 1044 641 1114 686; x_wconf 89' lang='lat' dir='ltr'>esse</span> <span class='ocrx_word' id='word_1_25' title='bbox 1141 644 1220 712; x_wconf 86' lang='lat' dir='ltr'>spe-</span> 
     </span>
     <span class='ocr_line' id='line_1_6' title="bbox 175 721 1218 819; baseline -0.001 -27"><span class='ocrx_word' id='word_1_26' title='bbox 175 740 299 793; x_wconf 87' lang='lat' dir='ltr'>rarent.</span> <span class='ocrx_word' id='word_1_27' title='bbox 350 725 397 791; x_wconf 86' lang='lat' dir='ltr'>At</span> <span class='ocrx_word' id='word_1_28' title='bbox 426 722 602 816; x_wconf 85' lang='lat' dir='ltr'><strong>Philippus</strong></span> <span class='ocrx_word' id='word_1_29' title='bbox 629 745 773 819; x_wconf 83' lang='lat' dir='ltr'>regnum</span> <span class='ocrx_word' id='word_1_30' title='bbox 805 721 957 813; x_wconf 79' lang='lat' dir='ltr'>undique</span> <span class='ocrx_word' id='word_1_31' title='bbox 992 721 1034 788; x_wconf 83' lang='lat' dir='ltr'>ab</span> <span class='ocrx_word' id='word_1_32' title='bbox 1066 722 1218 791; x_wconf 84' lang='lat' dir='ltr'>hostibus</span> 
     </span>
    </p>
   </div>
   <div class='ocr_carea' id='block_1_4' title="bbox 53 822 1219 920">
    <p class='ocr_par' dir='ltr' id='par_1_4' title="bbox 53 822 1219 920">
     <span class='ocr_line' id='line_1_7' title="bbox 53 822 1219 920; baseline 0.008 -33"><span class='ocrx_word' id='word_1_33' title='bbox 53 864 60 877; x_wconf 90' lang='lat'><strong>·</strong></span> <span class='ocrx_word' id='word_1_34' title='bbox 144 839 353 909; x_wconf 60' lang='lat' dir='ltr'>&#39;tentatum</span> <span class='ocrx_word' id='word_1_35' title='bbox 387 828 598 920; x_wconf 84' lang='lat' dir='ltr'>pessimeque</span> <span class='ocrx_word' id='word_1_36' title='bbox 633 822 800 895; x_wconf 84' lang='lat' dir='ltr'>adfectum</span> <span class='ocrx_word' id='word_1_37' title='bbox 831 824 986 917; x_wconf 89' lang='lat' dir='ltr'>adeptus·</span> <span class='ocrx_word' id='word_1_38' title='bbox 1007 849 1115 919; x_wconf 84' lang='lat' dir='ltr'>quum</span> <span class='ocrx_word' id='word_1_39' title='bbox 1132 852 1219 895; x_wconf 26' lang='lat' dir='ltr'>*sese</span> 
     </span>
    </p>
   </div>
   <div class='ocr_carea' id='block_1_5' title="bbox 174 927 1237 1126">
    <p class='ocr_par' dir='ltr' id='par_1_5' title="bbox 174 927 1237 1126">
     <span class='ocr_line' id='line_1_8' title="bbox 175 927 1237 1026; baseline 0 -28"><span class='ocrx_word' id='word_1_40' title='bbox 175 930 341 1026; x_wconf 79' lang='lat' dir='ltr'>imparem</span> <span class='ocrx_word' id='word_1_41' title='bbox 371 928 415 996; x_wconf 86' lang='lat' dir='ltr'>ad</span> <span class='ocrx_word' id='word_1_42' title='bbox 442 927 673 996; x_wconf 91' lang='lat' dir='ltr'>dimicandum</span> <span class='ocrx_word' id='word_1_43' title='bbox 698 931 858 997; x_wconf 90' lang='lat' dir='ltr'>continuo</span> <span class='ocrx_word' id='word_1_44' title='bbox 887 931 987 996; x_wconf 91' lang='lat' dir='ltr'>armis</span> <span class='ocrx_word' id='word_1_45' title='bbox 1014 953 1092 997; x_wconf 88' lang='lat' dir='ltr'>oum</span> <span class='ocrx_word' id='word_1_46' title='bbox 1112 931 1237 999; x_wconf 79' lang='lat' dir='ltr'>Athe-&#39;</span> 
     </span>
     <span class='ocr_line' id='line_1_9' title="bbox 174 1030 1217 1126; baseline 0.001 -24"><span class='ocrx_word' id='word_1_47' title='bbox 174 1036 348 1102; x_wconf 89' lang='lat' dir='ltr'>niensibus</span> <span class='ocrx_word' id='word_1_48' title='bbox 370 1035 523 1115; x_wconf 85' lang='lat' dir='ltr'><strong>sentiret,</strong></span> <span class='ocrx_word' id='word_1_49' title='bbox 553 1032 755 1126; x_wconf 87' lang='lat' dir='ltr'>Amphipoli</span> <span class='ocrx_word' id='word_1_50' title='bbox 776 1049 896 1125; x_wconf 90' lang='lat' dir='ltr'>sponte</span> <span class='ocrx_word' id='word_1_51' title='bbox 919 1030 1080 1115; x_wconf 82' lang='lat' dir='ltr'>decessit,</span> <span class='ocrx_word' id='word_1_52' title='bbox 1103 1036 1217 1103; x_wconf 83' lang='lat' dir='ltr'>cirita-</span> 
     </span>
    </p>
   </div>
   <div class='ocr_carea' id='block_1_6' title="bbox 74 1135 1214 1231">
    <p class='ocr_par' dir='ltr' id='par_1_6' title="bbox 74 1135 1214 1231">
     <span class='ocr_line' id='line_1_10' title="bbox 74 1135 1214 1231; baseline 0.002 -26"><span class='ocrx_word' id='word_1_53' title='bbox 74 1158 77 1162; x_wconf 89' lang='grc'><em>·</em></span> <span class='ocrx_word' id='word_1_54' title='bbox 174 1155 309 1231; x_wconf 87' lang='lat' dir='ltr'>temque</span> <span class='ocrx_word' id='word_1_55' title='bbox 331 1139 399 1205; x_wconf 90' lang='lat' dir='ltr'>suis</span> <span class='ocrx_word' id='word_1_56' title='bbox 426 1137 556 1229; x_wconf 86' lang='lat' dir='ltr'>legibus</span> <span class='ocrx_word' id='word_1_57' title='bbox 583 1139 693 1206; x_wconf 86' lang='lat' dir='ltr'>vivere</span> <span class='ocrx_word' id='word_1_58' title='bbox 721 1137 884 1229; x_wconf 85' lang='lat' dir='ltr'>permisit.</span> <span class='ocrx_word' id='word_1_59' title='bbox 929 1135 1030 1206; x_wconf 88' lang='lat' dir='ltr'>Diod.</span> <span class='ocrx_word' id='word_1_60' title='bbox 1059 1136 1094 1204; x_wconf 88' lang='lat' dir='ltr'>S.</span> <span class='ocrx_word' id='word_1_61' title='bbox 1123 1139 1214 1219; x_wconf 86' lang='lat' dir='ltr'>XVI,</span> 
     </span>
    </p>
   </div>
   <div class='ocr_carea' id='block_1_7' title="bbox 82 1239 1273 1749">
    <p class='ocr_par' dir='ltr' id='par_1_7' title="bbox 82 1239 1273 1749">
     <span class='ocr_line' id='line_1_11' title="bbox 82 1239 1254 1334; baseline -0.002 -22"><span class='ocrx_word' id='word_1_62' title='bbox 82 1282 84 1286; x_wconf 33' lang='lat' dir='ltr'>v</span> <span class='ocrx_word' id='word_1_63' title='bbox 175 1242 302 1312; x_wconf 69' lang='lat' dir='ltr'>dibid.</span> <span class='ocrx_word' id='word_1_64' title='bbox 325 1242 432 1311; x_wconf 89' lang='lat' dir='ltr'>Wess.</span> <span class='ocrx_word' id='word_1_65' title='bbox 478 1239 589 1309; x_wconf 90' lang='lat' dir='ltr'>Simul</span> <span class='ocrx_word' id='word_1_66' title='bbox 609 1242 776 1334; x_wconf 90' lang='lat' dir='ltr'>populum</span> <span class='ocrx_word' id='word_1_67' title='bbox 803 1241 982 1309; x_wconf 83' lang='lat' dir='ltr'>ambitione</span> <span class='ocrx_word' id='word_1_68' title='bbox 1008 1239 1104 1309; x_wconf 84' lang='lat' dir='ltr'>facile</span> <span class='ocrx_word' id='word_1_69' title='bbox 1126 1253 1217 1310; x_wconf 85' lang='lat' dir='ltr'>o&#39;om-</span> <span class='ocrx_word' id='word_1_70' title='bbox 1252 1285 1254 1289; x_wconf 94' lang='lat'>-</span> 
     </span>
     <span class='ocr_line' id='line_1_12' title="bbox 176 1336 1220 1436; baseline 0.002 -23"><span class='ocrx_word' id='word_1_71' title='bbox 176 1343 381 1415; x_wconf 80' lang='lat' dir='ltr'>movendum</span> <span class='ocrx_word' id='word_1_72' title='bbox 401 1344 644 1436; x_wconf 79' lang='lat' dir='ltr'>scienscaptos</span> <span class='ocrx_word' id='word_1_73' title='bbox 674 1343 837 1436; x_wconf 84' lang='lat' dir='ltr'>quosdam</span> <span class='ocrx_word' id='word_1_74' title='bbox 865 1336 1124 1414; x_wconf 84' lang='lat' dir='ltr'>Atheniensium</span> <span class='ocrx_word' id='word_1_75' title='bbox 1152 1349 1220 1414; x_wconf 89' lang='lat' dir='ltr'>mi·</span> 
     </span>
     <span class='ocr_line' id='line_1_13' title="bbox 176 1446 1222 1541; baseline 0.003 -27"><span class='ocrx_word' id='word_1_76' title='bbox 176 1446 251 1515; x_wconf 90' lang='lat' dir='ltr'>lites</span> <span class='ocrx_word' id='word_1_77' title='bbox 272 1446 443 1530; x_wconf 79' lang='lat' dir='ltr'>restitutis,</span> <span class='ocrx_word' id='word_1_78' title='bbox 466 1472 552 1541; x_wconf 89' lang='lat' dir='ltr'>quae</span> <span class='ocrx_word' id='word_1_79' title='bbox 574 1449 765 1529; x_wconf 87' lang='lat' dir='ltr'>amiserant,</span> <span class='ocrx_word' id='word_1_80' title='bbox 793 1447 917 1517; x_wconf 87' lang='lat' dir='ltr'>liberos</span> <span class='ocrx_word' id='word_1_81' title='bbox 944 1447 1222 1517; x_wconf 80' lang='lat' dir='ltr'>Athenas-dimi·</span> 
     </span>
     <span class='ocr_line' id='line_1_14' title="bbox 176 1549 1273 1644; baseline 0.001 -26"><span class='ocrx_word' id='word_1_82' title='bbox 176 1553 229 1632; x_wconf 89' lang='lat' dir='ltr'>sit,</span> <span class='ocrx_word' id='word_1_83' title='bbox 252 1568 285 1621; x_wconf 87' lang='lat' dir='ltr'>et</span> <span class='ocrx_word' id='word_1_84' title='bbox 305 1574 374 1617; x_wconf 91' lang='lat' dir='ltr'>una</span> <span class='ocrx_word' id='word_1_85' title='bbox 401 1551 551 1619; x_wconf 89' lang='lat' dir='ltr'>cumbis</span> <span class='ocrx_word' id='word_1_86' title='bbox 575 1551 715 1644; x_wconf 84' lang='lat' dir='ltr'>epistola</span> <span class='ocrx_word' id='word_1_87' title='bbox 743 1549 891 1619; x_wconf 88' lang='lat' dir='ltr'>modeste</span> <span class='ocrx_word' id='word_1_88' title='bbox 919 1553 1042 1643; x_wconf 85' lang='lat' dir='ltr'>scripta</span> <span class='ocrx_word' id='word_1_89' title='bbox 1064 1550 1108 1618; x_wconf 86' lang='lat' dir='ltr'>ad</span> <span class='ocrx_word' id='word_1_90' title='bbox 1128 1575 1222 1620; x_wconf 85' lang='lat' dir='ltr'>com·</span> <span class='ocrx_word' id='word_1_91' title='bbox 1268 1549 1273 1619; x_wconf 68' lang='grc' dir='ltr'><em>ζ</em></span> 
     </span>
     <span class='ocr_line' id='line_1_15' title="bbox 176 1646 1234 1749; baseline 0.001 -26"><span class='ocrx_word' id='word_1_92' title='bbox 176 1654 370 1749; x_wconf 83' lang='lat' dir='ltr'>ponendam</span> <span class='ocrx_word' id='word_1_93' title='bbox 402 1679 522 1746; x_wconf 86' lang='lat' dir='ltr'>paoem</span> <span class='ocrx_word' id='word_1_94' title='bbox 560 1673 594 1721; x_wconf 87' lang='lat' dir='ltr'>et</span> <span class='ocrx_word' id='word_1_95' title='bbox 631 1654 857 1745; x_wconf 72' lang='lat' dir='ltr'>renovandam</span> <span class='ocrx_word' id='word_1_96' title='bbox 895 1656 1000 1745; x_wconf 90' lang='lat' dir='ltr'>patris</span> <span class='ocrx_word' id='word_1_97' title='bbox 1038 1646 1234 1724; x_wconf 39' lang='lat' dir='ltr'>amicitiam*</span> 
     </span>
    </p>
   </div>
   <div class='ocr_carea' id='block_1_8' title="bbox 67 1758 1222 1829">
    <p class='ocr_par' dir='ltr' id='par_1_8' title="bbox 67 1758 1222 1829">
     <span class='ocr_line' id='line_1_16' title="bbox 67 1758 1222 1829; baseline -0.006 -1"><span class='ocrx_word' id='word_1_98' title='bbox 67 1784 71 1794; x_wconf 87' lang='grc'><em>’</em></span> <span class='ocrx_word' id='word_1_99' title='bbox 176 1759 397 1827; x_wconf 88' lang='lat' dir='ltr'>Athenienses</span> <span class='ocrx_word' id='word_1_100' title='bbox 417 1759 658 1825; x_wconf 83' lang='lat' dir='ltr'>humanissime</span> <span class='ocrx_word' id='word_1_101' title='bbox 680 1759 849 1824; x_wconf 86' lang='lat' dir='ltr'>invitabat.</span> <span class='ocrx_word' id='word_1_102' title='bbox 893 1758 991 1825; x_wconf 88' lang='lat' dir='ltr'>Dem.</span> <span class='ocrx_word' id='word_1_103' title='bbox 1015 1783 1072 1827; x_wconf 77' lang='lat' dir='ltr'>or.</span> <span class='ocrx_word' id='word_1_104' title='bbox 1085 1760 1123 1826; x_wconf 91' lang='lat' dir='ltr'>in</span> <span class='ocrx_word' id='word_1_105' title='bbox 1140 1760 1222 1829; x_wconf 79' lang='lat' dir='ltr'>Ari.</span> 
     </span>
    </p>
   </div>
   <div class='ocr_carea' id='block_1_9' title="bbox 176 1850 1240 2788">
    <p class='ocr_par' dir='ltr' id='par_1_9' title="bbox 176 1850 1240 2580">
     <span class='ocr_line' id='line_1_17' title="bbox 176 1850 1221 1956; baseline 0.001 -24"><span class='ocrx_word' id='word_1_106' title='bbox 176 1882 275 1932; x_wconf 87' lang='lat' dir='ltr'>stocr.</span> <span class='ocrx_word' id='word_1_107' title='bbox 297 1890 332 1956; x_wconf 87' lang='lat' dir='ltr'>p.</span> <span class='ocrx_word' id='word_1_108' title='bbox 355 1862 436 1947; x_wconf 77' lang='lat'><strong>6603</strong></span> <span class='ocrx_word' id='word_1_109' title='bbox 459 1861 499 1928; x_wconf 86' lang='lat' dir='ltr'>cf.</span> <span class='ocrx_word' id='word_1_110' title='bbox 512 1858 613 1927; x_wconf 89' lang='lat' dir='ltr'>Diod.</span> <span class='ocrx_word' id='word_1_111' title='bbox 636 1859 671 1928; x_wconf 84' lang='lat' dir='ltr'>S.</span> <span class='ocrx_word' id='word_1_112' title='bbox 695 1862 787 1942; x_wconf 88' lang='lat' dir='ltr'>XVI,</span> <span class='ocrx_word' id='word_1_113' title='bbox 810 1860 841 1946; x_wconf 77' lang='grc'>4.</span> <span class='ocrx_word' id='word_1_114' title='bbox 862 1850 865 1855; x_wconf 46' lang='grc'><strong>’</strong></span> <span class='ocrx_word' id='word_1_115' title='bbox 888 1861 1016 1944; x_wconf 88' lang='lat' dir='ltr'>Quibus</span> <span class='ocrx_word' id='word_1_116' title='bbox 1031 1887 1138 1955; x_wconf 89' lang='lat' dir='ltr'>quum</span> <span class='ocrx_word' id='word_1_117' title='bbox 1160 1864 1221 1934; x_wconf 78' lang='lat' dir='ltr'>oh-</span> 
     </span>
     <span class='ocr_line' id='line_1_18' title="bbox 176 1964 1219 2058; baseline 0.002 -24"><span class='ocrx_word' id='word_1_118' title='bbox 176 1977 415 2058; x_wconf 81' lang='lat' dir='ltr'>temperassent</span> <span class='ocrx_word' id='word_1_119' title='bbox 435 1964 667 2054; x_wconf 87' lang='lat' dir='ltr'>Athenienses,</span> <span class='ocrx_word' id='word_1_120' title='bbox 689 1965 837 2056; x_wconf 76' lang='lat' dir='ltr'>Argaeus</span> <span class='ocrx_word' id='word_1_121' title='bbox 860 1965 928 2031; x_wconf 87' lang='lat' dir='ltr'>iam</span> <span class='ocrx_word' id='word_1_122' title='bbox 956 1989 1073 2034; x_wconf 87' lang='lat' dir='ltr'>eorum</span> <span class='ocrx_word' id='word_1_123' title='bbox 1094 1966 1219 2037; x_wconf 83' lang='lat' dir='ltr'>auxilio</span> 
     </span>
     <span class='ocr_line' id='line_1_19' title="bbox 178 2066 1219 2161; baseline 0.002 -24"><span class='ocrx_word' id='word_1_124' title='bbox 178 2070 353 2137; x_wconf 88' lang='lat' dir='ltr'>destitutus</span> <span class='ocrx_word' id='word_1_125' title='bbox 383 2066 481 2135; x_wconf 83' lang='lat' dir='ltr'>facile</span> <span class='ocrx_word' id='word_1_126' title='bbox 509 2069 615 2136; x_wconf 87' lang='lat' dir='ltr'>victus</span> <span class='ocrx_word' id='word_1_127' title='bbox 638 2091 883 2161; x_wconf 85' lang='lat' dir='ltr'>oppressusque</span> <span class='ocrx_word' id='word_1_128' title='bbox 914 2086 972 2136; x_wconf 90' lang='lat' dir='ltr'>est.</span> <span class='ocrx_word' id='word_1_129' title='bbox 1018 2071 1119 2138; x_wconf 91' lang='lat' dir='ltr'>Diod.</span> <span class='ocrx_word' id='word_1_130' title='bbox 1142 2070 1166 2139; x_wconf 91' lang='lat' dir='ltr'>l.</span> <span class='ocrx_word' id='word_1_131' title='bbox 1188 2095 1219 2139; x_wconf 89' lang='lat' dir='ltr'>o.</span> 
     </span>
     <span class='ocr_line' id='line_1_20' title="bbox 178 2171 1221 2269; baseline 0.001 -27"><span class='ocrx_word' id='word_1_132' title='bbox 178 2175 230 2242; x_wconf 89' lang='lat' dir='ltr'>Ita</span> <span class='ocrx_word' id='word_1_133' title='bbox 250 2171 431 2266; x_wconf 81' lang='lat' dir='ltr'>Philippus</span> <span class='ocrx_word' id='word_1_134' title='bbox 442 2174 583 2239; x_wconf 88' lang='lat' dir='ltr'>instanti</span> <span class='ocrx_word' id='word_1_135' title='bbox 595 2190 675 2239; x_wconf 75' lang='lat' dir='ltr'>&#39;sese</span> <span class='ocrx_word' id='word_1_136' title='bbox 690 2171 848 2266; x_wconf 90' lang='lat' dir='ltr'>periculo</span> <span class='ocrx_word' id='word_1_137' title='bbox 857 2171 1019 2241; x_wconf 87' lang='lat' dir='ltr'>liberavit.</span> <span class='ocrx_word' id='word_1_138' title='bbox 1063 2176 1109 2242; x_wconf 91' lang='lat' dir='ltr'>At</span> <span class='ocrx_word' id='word_1_139' title='bbox 1130 2193 1221 2269; x_wconf 70' lang='lat' dir='ltr'>post»-</span> 
     </span>
     <span class='ocr_line' id='line_1_21' title="bbox 179 2275 1221 2370; baseline 0.004 -27"><span class='ocrx_word' id='word_1_140' title='bbox 179 2304 280 2370; x_wconf 91' lang='lat' dir='ltr'>quam</span> <span class='ocrx_word' id='word_1_141' title='bbox 304 2277 360 2344; x_wconf 91' lang='lat' dir='ltr'>Ol.</span> <span class='ocrx_word' id='word_1_142' title='bbox 386 2276 459 2358; x_wconf 84' lang='lat' dir='ltr'>CV,</span> <span class='ocrx_word' id='word_1_143' title='bbox 482 2277 671 2345; x_wconf 80' lang='lat' dir='ltr'>sPaeoncs</span> <span class='ocrx_word' id='word_1_144' title='bbox 693 2295 793 2369; x_wconf 90' lang='lat' dir='ltr'>atque</span> <span class='ocrx_word' id='word_1_145' title='bbox 824 2275 986 2368; x_wconf 82' lang='lat' dir='ltr'>Illyrios</span> <span class='ocrx_word' id='word_1_146' title='bbox 976 2281 1102 2369; x_wconf 77' lang='lat' dir='ltr'>insigni</span> <span class='ocrx_word' id='word_1_147' title='bbox 1125 2278 1221 2347; x_wconf 89' lang='lat' dir='ltr'>clade</span> 
     </span>
     <span class='ocr_line' id='line_1_22' title="bbox 179 2380 1240 2474; baseline 0 -24"><span class='ocrx_word' id='word_1_148' title='bbox 179 2382 332 2450; x_wconf 84' lang='lat' dir='ltr'>affecerat</span> <span class='ocrx_word' id='word_1_149' title='bbox 358 2381 472 2466; x_wconf 82' lang='lat' dir='ltr'>(Diod.</span> <span class='ocrx_word' id='word_1_150' title='bbox 500 2380 525 2449; x_wconf 92' lang='lat' dir='ltr'>l.</span> <span class='ocrx_word' id='word_1_151' title='bbox 554 2405 583 2449; x_wconf 92' lang='lat' dir='ltr'>o.</span> <span class='ocrx_word' id='word_1_152' title='bbox 605 2381 656 2466; x_wconf 71' lang='grc'>4),</span> <span class='ocrx_word' id='word_1_153' title='bbox 687 2399 719 2447; x_wconf 91' lang='lat' dir='ltr'>et</span> <span class='ocrx_word' id='word_1_154' title='bbox 749 2382 918 2449; x_wconf 91' lang='lat' dir='ltr'>continuis</span> <span class='ocrx_word' id='word_1_155' title='bbox 946 2384 1240 2474; x_wconf 38' lang='lat' dir='ltr'>occupationibus.</span> 
     </span>
     <span class='ocr_line' id='line_1_23' title="bbox 177 2484 1222 2580; baseline -0.002 -24"><span class='ocrx_word' id='word_1_156' title='bbox 177 2498 284 2580; x_wconf 86' lang='lat' dir='ltr'>usque</span> <span class='ocrx_word' id='word_1_157' title='bbox 307 2485 350 2554; x_wconf 86' lang='lat' dir='ltr'>ad</span> <span class='ocrx_word' id='word_1_158' title='bbox 370 2484 483 2556; x_wconf 86' lang='lat' dir='ltr'>lacurn</span> <span class='ocrx_word' id='word_1_159' title='bbox 505 2485 742 2578; x_wconf 82' lang='lat' dir='ltr'>Lychnitidem</span> <span class='ocrx_word' id='word_1_160' title='bbox 765 2486 984 2554; x_wconf 81' lang='lat' dir='ltr'>Macedoniae</span> <span class='ocrx_word' id='word_1_161' title='bbox 1005 2487 1091 2554; x_wconf 90' lang='lat' dir='ltr'>fines</span> <span class='ocrx_word' id='word_1_162' title='bbox 1105 2504 1222 2555; x_wconf 81' lang='lat' dir='ltr'>exten</span> 
     </span>
    </p>

    <p class='ocr_par' dir='ltr' id='par_1_10' title="bbox 178 2590 1222 2680">
     <span class='ocr_line' id='line_1_24' title="bbox 178 2590 1222 2680; baseline 0.002 -23"><span class='ocrx_word' id='word_1_163' title='bbox 178 2590 272 2657; x_wconf 88' lang='lat' dir='ltr'>derat</span> <span class='ocrx_word' id='word_1_164' title='bbox 294 2590 459 2680; x_wconf 82' lang='lat' dir='ltr'>(Diodl.</span> <span class='ocrx_word' id='word_1_165' title='bbox 480 2613 508 2656; x_wconf 89' lang='lat' dir='ltr'>c.</span> <span class='ocrx_word' id='word_1_166' title='bbox 532 2593 586 2676; x_wconf 83' lang='lat'>8),</span> <span class='ocrx_word' id='word_1_167' title='bbox 616 2591 719 2658; x_wconf 88' lang='lat' dir='ltr'>auctis</span> <span class='ocrx_word' id='word_1_168' title='bbox 747 2593 814 2655; x_wconf 89' lang='lat' dir='ltr'>iam</span> <span class='ocrx_word' id='word_1_169' title='bbox 841 2591 967 2660; x_wconf 83' lang='lat' dir='ltr'>viribus</span> <span class='ocrx_word' id='word_1_170' title='bbox 996 2591 1123 2658; x_wconf 88' lang='lat' dir='ltr'>acriter</span> <span class='ocrx_word' id='word_1_171' title='bbox 1139 2591 1222 2659; x_wconf 89' lang='lat' dir='ltr'>Am</span> 
     </span>
    </p>

    <p class='ocr_par' dir='ltr' id='par_1_11' title="bbox 177 2682 1220 2788">
     <span class='ocr_line' id='line_1_25' title="bbox 177 2682 1220 2788; baseline 0.001 -28"><span class='ocrx_word' id='word_1_172' title='bbox 177 2692 337 2788; x_wconf 90' lang='lat' dir='ltr'>phipolin</span> <span class='ocrx_word' id='word_1_173' title='bbox 367 2715 535 2785; x_wconf 82' lang='lat' dir='ltr'>aggressus</span> <span class='ocrx_word' id='word_1_174' title='bbox 563 2709 613 2759; x_wconf 89' lang='lat' dir='ltr'>est</span> <span class='ocrx_word' id='word_1_175' title='bbox 642 2690 697 2760; x_wconf 90' lang='lat' dir='ltr'>Ol.</span> <span class='ocrx_word' id='word_1_176' title='bbox 728 2693 817 2782; x_wconf 62' lang='lat' dir='ltr'>CV„</span> <span class='ocrx_word' id='word_1_177' title='bbox 836 2694 908 2782; x_wconf 81' lang='lat'>3*)‚</span> <span class='ocrx_word' id='word_1_178' title='bbox 942 2717 1044 2784; x_wconf 90' lang='lat' dir='ltr'>quam</span> <span class='ocrx_word' id='word_1_179' title='bbox 1075 2682 1220 2763; x_wconf 87' lang='lat' dir='ltr'>inimicis</span> 
     </span>
    </p>
   </div>
   <div class='ocr_carea' id='block_1_10' title="bbox 178 2794 1222 2889">
    <p class='ocr_par' dir='ltr' id='par_1_12' title="bbox 178 2794 1222 2889">
     <span class='ocr_line' id='line_1_26' title="bbox 178 2794 1222 2889; baseline -0.002 -23"><span class='ocrx_word' id='word_1_180' title='bbox 178 2796 333 2866; x_wconf 86' lang='lat' dir='ltr'>adversus</span> <span class='ocrx_word' id='word_1_181' title='bbox 356 2819 391 2863; x_wconf 91' lang='lat' dir='ltr'>se</span> <span class='ocrx_word' id='word_1_182' title='bbox 413 2797 535 2863; x_wconf 91' lang='lat' dir='ltr'>animis</span> <span class='ocrx_word' id='word_1_183' title='bbox 556 2794 677 2862; x_wconf 87' lang='lat' dir='ltr'>multas</span> <span class='ocrx_word' id='word_1_184' title='bbox 698 2794 780 2863; x_wconf 92' lang='lat' dir='ltr'>belli</span> <span class='ocrx_word' id='word_1_185' title='bbox 803 2820 916 2863; x_wconf 88' lang='lat' dir='ltr'>causas</span> <span class='ocrx_word' id='word_1_186' title='bbox 942 2796 1008 2864; x_wconf 91' lang='lat' dir='ltr'>sibi</span> <span class='ocrx_word' id='word_1_187' title='bbox 1029 2799 1222 2889; x_wconf 85' lang='lat' dir='ltr'>praebuisse</span> 
     </span>
    </p>
   </div>
   <div class='ocr_carea' id='block_1_11' title="bbox 51 2897 1221 2994">
    <p class='ocr_par' dir='ltr' id='par_1_13' title="bbox 51 2897 1221 2994">
     <span class='ocr_line' id='line_1_27' title="bbox 51 2897 1221 2994; baseline 0.007 -31"><span class='ocrx_word' id='word_1_188' title='bbox 51 2923 63 2935; x_wconf 31' lang='grc' dir='ltr'>ἰ</span> <span class='ocrx_word' id='word_1_189' title='bbox 106 2923 110 2943; x_wconf 90' lang='grc'><strong><em>·</em></strong></span> <span class='ocrx_word' id='word_1_190' title='bbox 178 2899 427 2994; x_wconf 86' lang='lat' dir='ltr'>praetendebat.</span> <span class='ocrx_word' id='word_1_191' title='bbox 483 2897 586 2968; x_wconf 88' lang='lat' dir='ltr'>Diod.</span> <span class='ocrx_word' id='word_1_192' title='bbox 627 2898 652 2965; x_wconf 92' lang='lat' dir='ltr'>l.</span> <span class='ocrx_word' id='word_1_193' title='bbox 693 2923 722 2967; x_wconf 91' lang='lat' dir='ltr'>c.</span> <span class='ocrx_word' id='word_1_194' title='bbox 757 2900 1011 2993; x_wconf 86' lang='lat' dir='ltr'>Amphipolitae</span> <span class='ocrx_word' id='word_1_195' title='bbox 1046 2902 1221 2994; x_wconf 89' lang='lat' dir='ltr'>inopinato</span> 
     </span>
    </p>
   </div>
   <div class='ocr_carea' id='block_1_12' title="bbox 80 3001 1237 3206">
    <p class='ocr_par' dir='ltr' id='par_1_14' title="bbox 80 3001 1237 3206">
     <span class='ocr_line' id='line_1_28' title="bbox 80 3001 1221 3100; baseline 0.001 -27"><span class='ocrx_word' id='word_1_196' title='bbox 80 3057 83 3062; x_wconf 76' lang='lat'><em>·</em></span> <span class='ocrx_word' id='word_1_197' title='bbox 177 3001 331 3100; x_wconf 83' lang='lat' dir='ltr'>periculo</span> <span class='ocrx_word' id='word_1_198' title='bbox 362 3005 489 3074; x_wconf 67' lang='lat' dir='ltr'>¹obruti</span> <span class='ocrx_word' id='word_1_199' title='bbox 530 3003 786 3072; x_wconf 88' lang='lat' dir='ltr'>Atheniensium</span> <span class='ocrx_word' id='word_1_200' title='bbox 824 3004 948 3071; x_wconf 82' lang='lat' dir='ltr'>auxilia</span> <span class='ocrx_word' id='word_1_201' title='bbox 985 3005 1221 3100; x_wconf 75' lang='lat' dir='ltr'>implorabant</span> 
     </span>
     <span class='ocr_line' id='line_1_29' title="bbox 178 3107 1237 3206; baseline 0.008 -29"><span class='ocrx_word' id='word_1_202' title='bbox 178 3109 249 3187; x_wconf 75' lang='lat' dir='ltr'>Sed</span> <span class='ocrx_word' id='word_1_203' title='bbox 271 3120 390 3183; x_wconf 74' lang='lat' dir='ltr'>corum</span> <span class='ocrx_word' id='word_1_204' title='bbox 408 3108 509 3206; x_wconf 80' lang='lat' dir='ltr'>legati</span> <span class='ocrx_word' id='word_1_205' title='bbox 530 3107 651 3184; x_wconf 85' lang='lat' dir='ltr'>insecta</span> <span class='ocrx_word' id='word_1_206' title='bbox 664 3133 703 3177; x_wconf 85' lang='lat' dir='ltr'>re</span> <span class='ocrx_word' id='word_1_207' title='bbox 716 3109 854 3186; x_wconf 81' lang='lat' dir='ltr'>Athenis</span> <span class='ocrx_word' id='word_1_208' title='bbox 866 3111 990 3187; x_wconf 81' lang='lat' dir='ltr'>reversi</span> <span class='ocrx_word' id='word_1_209' title='bbox 1011 3128 1098 3183; x_wconf 89' lang='lat' dir='ltr'>sunt.</span> <span class='ocrx_word' id='word_1_210' title='bbox 1121 3112 1237 3186; x_wconf 73' lang='lat' dir='ltr'>Dan.</span> 
     </span>
    </p>
   </div>
   <div class='ocr_carea' id='block_1_13' title="bbox 181 3307 494 3337">
    <p class='ocr_par' dir='ltr' id='par_1_15' title="bbox 181 3307 494 3337">
     <span class='ocr_line' id='line_1_30' title="bbox 181 3307 494 3337; baseline 0.006 -3"><span class='ocrx_word' id='word_1_211' title='bbox 181 3307 494 3337; x_wconf 55' lang='grc' dir='ltr'><strong>Μ</strong></span> 
     </span>
    </p>
   </div>
   <div class='ocr_carea' id='block_1_14' title="bbox 215 3428 1242 4119">
    <p class='ocr_par' dir='ltr' id='par_1_16' title="bbox 215 3428 1242 4065">
     <span class='ocr_line' id='line_1_31' title="bbox 223 3428 1222 3531; baseline 0.006 -25"><span class='ocrx_word' id='word_1_212' title='bbox 223 3441 249 3531; x_wconf 68' lang='grc'>’)</span> <span class='ocrx_word' id='word_1_213' title='bbox 271 3447 483 3531; x_wconf 87' lang='lat' dir='ltr'>Amphipolitss</span> <span class='ocrx_word' id='word_1_214' title='bbox 503 3447 658 3531; x_wconf 85' lang='lat' dir='ltr'>Philippus</span> <span class='ocrx_word' id='word_1_215' title='bbox 687 3448 791 3510; x_wconf 86' lang='lat' dir='ltr'>eodem</span> <span class='ocrx_word' id='word_1_216' title='bbox 812 3471 886 3510; x_wconf 84' lang='lat' dir='ltr'>anno</span> <span class='ocrx_word' id='word_1_217' title='bbox 912 3428 1070 3511; x_wconf 80' lang='lat' dir='ltr'>secundum</span> <span class='ocrx_word' id='word_1_218' title='bbox 1097 3449 1222 3512; x_wconf 70' lang='lat' dir='ltr'>Diodor-</span> 
     </span>
     <span class='ocr_line' id='line_1_32' title="bbox 264 3531 1227 3692; baseline 0 -9"><span class='ocrx_word' id='word_1_219' title='bbox 264 3534 628 3688; x_wconf 50' lang='lat' dir='ltr'>distillat-⁰.</span> <span class='ocrx_word' id='word_1_220' title='bbox 644 3531 1107 3692; x_wconf 48' lang='lat' dir='ltr'>iiiiffi‘i‘iaEiioeiiibdv</span> <span class='ocrx_word' id='word_1_221' title='bbox 1120 3536 1227 3692; x_wconf 55' lang='grc' dir='ltr'>Ἥ</span> 
     </span>
     <span class='ocr_line' id='line_1_33' title="bbox 444 3646 1161 3685; baseline 0.001 -2"><span class='ocrx_word' id='word_1_222' title='bbox 444 3646 462 3683; x_wconf 94' lang='lat' dir='ltr'>n</span> <span class='ocrx_word' id='word_1_223' title='bbox 601 3646 610 3681; x_wconf 90' lang='grc' dir='ltr'>ι</span> <span class='ocrx_word' id='word_1_224' title='bbox 718 3647 771 3685; x_wconf 86' lang='lat' dir='ltr'>run</span> <span class='ocrx_word' id='word_1_225' title='bbox 825 3648 836 3684; x_wconf 90' lang='lat'>1</span> <span class='ocrx_word' id='word_1_226' title='bbox 913 3646 925 3684; x_wconf 93' lang='lat' dir='ltr'>s</span> <span class='ocrx_word' id='word_1_227' title='bbox 1009 3667 1016 3684; x_wconf 97' lang='lat'>.</span> <span class='ocrx_word' id='word_1_228' title='bbox 1154 3668 1161 3684; x_wconf 92' lang='lat'>.</span> 
     </span>
     <span class='ocr_line' id='line_1_34' title="bbox 267 3670 1226 3794; baseline 0.003 -26"><span class='ocrx_word' id='word_1_229' title='bbox 267 3687 421 3791; x_wconf 74' lang='lat' dir='ltr'>Conspirat</span> <span class='ocrx_word' id='word_1_230' title='bbox 449 3710 659 3779; x_wconf 81' lang='lat' dir='ltr'>Demosthenes</span> <span class='ocrx_word' id='word_1_231' title='bbox 685 3711 714 3781; x_wconf 85' lang='lat' dir='ltr'>in</span> <span class='ocrx_word' id='word_1_232' title='bbox 744 3670 798 3774; x_wconf 59' lang='lat' dir='ltr'>on,</span> <span class='ocrx_word' id='word_1_233' title='bbox 815 3711 934 3793; x_wconf 74' lang='lat' dir='ltr'>Olynth.</span> <span class='ocrx_word' id='word_1_234' title='bbox 961 3712 991 3790; x_wconf 88' lang='lat' dir='ltr'>l,</span> <span class='ocrx_word' id='word_1_235' title='bbox 1025 3733 1057 3794; x_wconf 82' lang='lat' dir='ltr'>p.</span> <span class='ocrx_word' id='word_1_236' title='bbox 1089 3729 1143 3787; x_wconf 78' lang='grc' dir='ltr'>ιι,</span> <span class='ocrx_word' id='word_1_237' title='bbox 1171 3709 1226 3771; x_wconf 91' lang='lat' dir='ltr'>ubi</span> 
     </span>
     <span class='ocr_line' id='line_1_35' title="bbox 266 3795 1227 3880; baseline 0.004 -26"><span class='ocrx_word' id='word_1_238' title='bbox 266 3796 386 3863; x_wconf 84' lang='lat' dir='ltr'>simulac</span> <span class='ocrx_word' id='word_1_239' title='bbox 406 3795 595 3858; x_wconf 85' lang='lat' dir='ltr'>Athenienses</span> <span class='ocrx_word' id='word_1_240' title='bbox 625 3818 661 3857; x_wconf 80' lang='lat' dir='ltr'>er</span> <span class='ocrx_word' id='word_1_241' title='bbox 681 3797 804 3861; x_wconf 86' lang='lat' dir='ltr'>Euboea</span> <span class='ocrx_word' id='word_1_242' title='bbox 831 3811 925 3860; x_wconf 88' lang='lat' dir='ltr'>essent</span> <span class='ocrx_word' id='word_1_243' title='bbox 945 3799 1069 3876; x_wconf 87' lang='lat' dir='ltr'>reversi,</span> <span class='ocrx_word' id='word_1_244' title='bbox 1100 3797 1227 3880; x_wconf 84' lang='lat' dir='ltr'>Amphi·</span> 
     </span>
     <span class='ocr_line' id='line_1_36' title="bbox 267 3883 1242 3969; baseline 0.001 -27"><span class='ocrx_word' id='word_1_245' title='bbox 267 3883 411 3965; x_wconf 89' lang='lat' dir='ltr'>politanos</span> <span class='ocrx_word' id='word_1_246' title='bbox 440 3883 489 3965; x_wconf 82' lang='lat' dir='ltr'>leg</span> <span class='ocrx_word' id='word_1_247' title='bbox 472 3897 551 3942; x_wconf 71' lang='lat' dir='ltr'>vatos</span> <span class='ocrx_word' id='word_1_248' title='bbox 579 3885 704 3944; x_wconf 88' lang='lat' dir='ltr'>Athenas</span> <span class='ocrx_word' id='word_1_249' title='bbox 730 3883 878 3947; x_wconf 85' lang='lat' dir='ltr'>advenisse</span> <span class='ocrx_word' id='word_1_250' title='bbox 910 3883 997 3964; x_wconf 81' lang='lat' dir='ltr'>dicit,</span> <span class='ocrx_word' id='word_1_251' title='bbox 1033 3885 1087 3969; x_wconf 78' lang='lat' dir='ltr'>qui</span> <span class='ocrx_word' id='word_1_252' title='bbox 1118 3883 1242 3968; x_wconf 86' lang='lat' dir='ltr'>populi·</span> 
     </span>
     <span class='ocr_line' id='line_1_37' title="bbox 215 3969 1241 4119; baseline 0.003 -90"><span class='ocrx_word' id='word_1_253' title='bbox 215 3970 225 3985; x_wconf 66' lang='grc'>““</span> <span class='ocrx_word' id='word_1_254' title='bbox 268 3969 402 4033; x_wconf 81' lang='lat' dir='ltr'>auxilium</span> <span class='ocrx_word' id='word_1_255' title='bbox 436 3969 571 4031; x_wconf 80' lang='lat' dir='ltr'>adversus</span> <span class='ocrx_word' id='word_1_256' title='bbox 605 3971 774 4063; x_wconf 80' lang='lat' dir='ltr'>Philippum</span> <span class='ocrx_word' id='word_1_257' title='bbox 809 3973 1002 4056; x_wconf 84' lang='lat' dir='ltr'>implorarent.</span> <span class='ocrx_word' id='word_1_258' title='bbox 1064 3971 1104 4038; x_wconf 90' lang='lat' dir='ltr'><strong>V</strong></span> <span class='ocrx_word' id='word_1_259' title='bbox 1110 3984 1241 4119; x_wconf 59' lang='lat' dir='ltr'>snpra¹</span> 
     </span>
    </p>
   </div>
   <div class='ocr_carea' id='block_1_15' title="bbox 268 4056 502 4146">
    <p class='ocr_par' dir='ltr' id='par_1_17' title="bbox 268 4056 502 4146">
     <span class='ocr_line' id='line_1_38' title="bbox 268 4056 502 4146; baseline 0.014 -31"><span class='ocrx_word' id='word_1_260' title='bbox 268 4078 332 4143; x_wconf 81' lang='lat' dir='ltr'>cap</span> <span class='ocrx_word' id='word_1_261' title='bbox 354 4056 378 4134; x_wconf 79' lang='lat'>1¹</span> <span class='ocrx_word' id='word_1_262' title='bbox 398 4080 443 4127; x_wconf 81' lang='grc' dir='ltr'>ιιι</span> <span class='ocrx_word' id='word_1_263' title='bbox 466 4077 502 4146; x_wconf 72' lang='grc' dir='ltr'>ι</span> 
     </span>
    </p>
   </div>
   <div class='ocr_carea' id='block_1_16' title="bbox 0 0 1307 4672">
    <p class='ocr_par' dir='ltr' id='par_1_18' title="bbox 0 0 1307 4672">
     <span class='ocr_line' id='line_1_39' title="bbox 0 0 1307 4672; baseline 0 0"><span class='ocrx_word' id='word_1_264' title='bbox 0 0 1307 4672; x_wconf 95' lang='lat' dir='ltr'> </span> 
     </span>
    </p>
   </div>
  </div>
 </body>
</html>
