2594 4672
496 249 503 273 ‘
565 263 721 365 aas.

126 431 329 499 Salaminem
351 429 478 498 referri.
524 431 640 525 Neque
668 432 759 497 enim
788 429 913 522 Cypria
940 413 1094 497 iuventus
1121 432 1163 496 ah

123 536 321 621 Atheniensi
342 536 544 627 imperatore
567 537 702 617 armari,
732 554 841 626 neque
863 534 1081 603 ‘Atheniensis
1112 538 1165 601 iu-

124 640 241 707 ventus
271 639 422 731 Cyprum
456 641 557 707 acciri
596 639 714 714 celeris
747 638 860 706 auxilii
891 663 988 705 causa
1026 657 1164 731 poterat,
1253 632 1257 645 ¹

126 769 239 837 neque
259 745 342 810 haec
364 745 541 811 Persarum
570 746 675 836 gratia
704 743 796 824 fieri,
824 767 888 810 nec
916 740 1065 834 denique
1086 768 1166 835 pro-

125 866 240 942 pterea
268 847 488 916 Charidemus
530 866 563 915 et
595 849 763 917 Diotimus
798 849 951 915 coronari
981 850 1165 939 potuerint.

126 956 293 1023 Diotimus
315 977 418 1046 porro
441 956 470 1021 si
492 952 697 1045 expeditioni
720 954 791 1045 ipse
823 951 1036 1036 interfuisset,
1070 955 1166 1045 equi-

126 1078 174 1128 tes
197 1061 313 1126 missos
344 1058 386 1124 ab
414 1057 671 1125 Atheniensibus
699 1056 911 1125 statuendum
940 1075 1025 1125 esset
1046 1059 1165 1140 Persis,
1204 1120 1206 1125 ,

128 1167 188 1256 qui
210 1165 275 1254 ipsi
303 1163 454 1253 equitatu
480 1164 555 1237 satis
578 1164 745 1254 superque
767 1161 998 1247 abundabant3
1026 1164 1055 1230 si
1085 1188 1165 1244 non,

127 1291 240 1358 neque
276 1263 463 1357 quidquam
498 1266 666 1333 commodi
700 1264 915 1357 suppeditare
951 1266 1165 1350 Charidemo‚

128 1373 165 1436 in
182 1371 296 1462 Cypro
319 1363 474 1451 versanti,
495 1370 635 1437 Athenis
650 1387 791 1463 poterat,
814 1372 940 1462 quippe
957 1377 1050 1462 quod
1072 1374 1167 1440 abso-

130 1500 212 1541 num
234 1476 292 1554 sit,
318 1473 559 1550 Charidemum
573 1556 575 1560 Α
589 1472 631 1539 ad
657 1476 869 1566 repentinam
896 1474 998 1541 hostis
1015 1476 1168 1566 ‘impres-

128 1582 258 1646 sionem
280 1576 515 1670 depellendam
536 1580 573 1644 in
591 1579 743 1673 Cyprum
768 1579 890 1646 accisse
912 1579 1168 1671 Atheniensium
1215 1585 1218 1604 '

130 1687 346 1751 iuventutem.

219 1790 329 1871 Quam
359 1785 403 1853 ob
435 1811 508 1853 rem
541 1789 697 1855 omnies
723 1785 818 1880 parte
844 1785 1057 1854 redeundum
1077 1808 1169 1882 patet

130 1891 173 1957 ad
196 1889 400 1957 Salaminem
421 1889 574 1971 insulam,
597 1891 725 1975 Atticae
747 1893 905 1973 vicinam,
935 1909 1034 1985 atquc
1057 1919 1093 1959 ex
1115 1897 1167 1976 iis,

131 2020 215 2088 quae
238 1994 338 2062 modo
362 1997 505 2087 exposita
532 2012 627 2074 sunt,
657 1996 723 2062 hoc
746 1998 846 2064 ctiam
875 1994 993 2090 liquet,
1015 2023 1169 2090 magnam

131 2119 203 2166 tum
224 2098 362 2165 militiae
382 2116 513 2190 partem
540 2097 639 2167 domo
669 2100 828 2182 abfuisse,
857 2119 895 2168 ut
920 2103 1006 2169 lacta
1039 2127 1079 2169 ex
1105 2105 1169 2168 im·
1242 2167 1247 2176 ,

130 2205 264 2296 proviso
286 2206 324 2267 in
345 2201 488 2269 insulam
510 2204 746 2292 impressione,
769 2207 868 2295 pauci
901 2193 1001 2274 modo
1033 2209 1093 2299 qui
1115 2230 1170 2272 re·
1261 2204 1264 2209 ’

132 2309 292 2373 stitissent
323 2327 517 2372 succurrere
543 2324 692 2396 possent3
721 2307 844 2398 quihus
873 2307 915 2374 ab
947 2309 1042 2382 hoste
1070 2335 1170 2402 supe-

132 2412 223 2477 riore
245 2409 345 2476 facile
373 2411 473 2503 caesis
496 2407 728 2501 spoliatisque,
758 2410 940 2500 imperator
961 2413 1095 2482 iuvenes
1117 2439 1171 2479 ar-

132 2540 224 2580 mare
247 2530 445 2606 cogeretur„
474 2512 584 2580 Unde
603 2515 670 2580 iam
698 2515 820 2587 coniici
853 2517 954 2587 etiam
975 2514 1072 2587 facile
1093 2537 1171 2610 pot-

134 2637 198 2700 est,
230 2620 369 2710 quinam
397 2618 499 2684 hostis
533 2636 566 2684 et
596 2643 663 2708 qua
692 2621 938 2710 opportunitate
968 2619 1170 2693 Salaminem

134 2748 230 2789 ausus
260 2725 301 2788 sit
331 2724 538 2814 impugnare.
583 2723 669 2789 Nam
699 2722 741 2788 de
769 2722 921 2816 Philippi
947 2726 1091 2818 impetu,
1121 2745 1177 2794 ta..

134 2846 229 2894 cente
252 2827 492 2906 Demosthene,
523 2828 661 2916 cogitari
690 2851 902 2920 nequaquam
928 2852 1040 2929 posse,
1071 2856 1170 2923 supra

113 2933 349 3012 monuimus,
380 2933 433 2996 At
448 2932 659 3020 Megarenses
682 2949 715 3004 et
735 2932 928 3005 Corinthios
952 2931 1009 2999 01.
1025 2933 1170 2999 cvtl-
1238 2984 1240 3008 ,

134 3035 227 3115 VIlI,
250 3035 358 3101 hostes
380 3033 635 3105 Atheniensium
655 3024 979 3128 suisse'quihuscum
1000 3037 1170 3103 interdum
1212 3021 1215 3031 ’

135 3140 235 3204 etiam
263 3130 523 3210 Atheniensibus
550 3138 780 3210 dimicandum
808 3140 919 3220 fuerit,
952 3164 1052 3230 supra
1080 3166 1170 3209 com-

134 3244 388 3311 memoravimus
418 3251 464 3343 (p.
493 3241 549 3335 64)
576 3266 616 3315 ex
649 3243 746 3314 Dem.
781 3238 919 3333 Olynth.
956 3244 1016 3347 lll-
1050 3271 1085 3339 p.
1117 3247 1168 3336 34.
1203 3246 1206 3252 ’

139 3678 142 3683 ,
222 3631 377 3691 Leuconoe
410 3629 568 3695 secundum
602 3629 693 3712 Corp.
723 3629 810 3694 lusor.
841 3630 894 3692 Gr.
922 3655 953 3714 p.
987 3616 1065 3710 150,
1101 3633 1170 3709 ¹51,

222 3739 354 3776 necnon
377 3717 543 3781 Phocenses
565 3718 695 3800 aliosque
728 3720 781 3800 qui
808 3740 874 3778 casu
900 3719 1117 3788 inveniantur-l,
1145 3743 1171 3781 c.

224 3803 313 3862 Class.
336 3803 392 3861 XI.
436 3803 569 3885 Opponit
590 3805 913 3884 praetereaBoeckhius
936 3806 1050 3866 demum
1062 3807 1172 3866 Achar-

118 3949 122 3953 .
223 3911 282 3966 nas,
304 3911 339 3948 ex
362 3911 423 3971 quo
445 3890 474 3947 in
490 3889 571 3949 bello
584 3891 828 3972 Peloponnesiaco
839 3894 892 3952 tria
904 3893 1076 3974 hoplitarum
1086 3893 1173 3952 millia

222 3978 359 4035 instructa
381 3977 436 4034 sint
467 3990 540 4035 teste
563 3976 736 4058 Thucydide
758 3978 796 4055 ll,
827 3997 878 4038 20.
923 3979 1034 4040 Verum
1063 3979 1174 4046 Achae-s

179 4137 182 4141 .
224 4085 273 4131 pas
293 4056 374 4143 μέγα
393 4056 490 4144 μέρος
511 4063 567 4142 τῆς
588 4058 706 4143 πόλεως
726 4065 913 4148 Thucydides
935 4081 1026 4127 vocat.
