2594 4672
576 265 619 346 57

80 434 163 513 Vol.¹
187 434 253 507 XII
290 433 342 504 ed.
381 436 424 503 H.
481 437 532 504 Cf.
562 438 682 506 Aesch.
696 517 698 521 ⁴
712 438 762 505 inv
781 438 868 514 Ctes.
896 462 932 531 p.
960 434 1005 528 76
1032 432 1125 523 med

81 538 238 622 Eundem
260 541 410 634 denique
430 539 665 625 subsidiorum,
688 538 1007 636 quaePhooensium
1029 543 1124 609 euxi-

80 644 129 713 lio
148 645 194 712 'ab
216 645 474 714 Atheniensibus
496 647 594 714 missa
616 647 701 729 sint,
725 643 845 730 ducem
866 662 961 714 vocat
981 644 1123 714 Diodor.
1257 697 1258 702 η

25 806 28 812 .
60 753 64 760 '
82 750 175 831 XVI,
198 751 252 840 37,
274 749 413 842 Olymp.
431 750 541 832 CVII,
568 773 595 818 1.
612 788 652 803 -
671 749 865 818 Charidemi
878 771 1002 818 nomen
1024 751 1124 820 etiam

16 911 19 916 .
83 854 233 928 crebrius
262 877 341 920 eum
369 855 407 921 in
440 853 675 923 Demosthenis
695 855 781 936 vita,
812 868 884 920 tum
912 855 950 922 in
971 855 1126 922 tmiversu

57 1000 59 1002 -
81 956 218 1026 illorum
239 960 430 1051 temporum
449 957 587 1027 historia
606 957 820 1026 memoratur.
866 955 907 1024 In
930 981 998 1052 quo
1012 974 1125 1026 tamen

82 1058 292 1131 monendum
316 1061 465 1154 primum
495 1079 561 1145 cst,
592 1085 638 1130 ne
667 1060 887 1133 Charidemus
908 1061 954 1143 is,
988 1057 1126 1153 dequo

85 1164 228 1233 alterum
249 1164 422 1235 decretum
450 1168 538 1259 agit,
571 1165 795 1252 confundatur
821 1189 900 1242 oum
922 1162 1126 1232 Charidemo
1178 1174 1206 1215 -‘
1270 1170 1271 1173 ’

86 1270 198 1363 Oritas,
227 1267 375 1337 militum
410 1274 696 1347 mercenariorum
726 1270 764 1339 in
792 1270 998 1338 Chersoneso
1029 1267 1127 1351 duee,

85 1397 188 1466 quem
211 1373 343 1440 civitate
365 1372 406 1438 ab
427 1373 688 1464 Atheniensibus
710 1371 870 1443 donatum
887 1373 1139 1443 Demosthenes·

86 1476 306 1544 acerbissimis
330 1472 487 1558 conviciis
507 1493 702 1568 persecutus
732 1472 782 1545 est
814 1478 961 1544 oratione
990 1478 1029 1542 in
1050 1476 1129 1563 An,

39 1645 43 1650 .
86 1595 270 1649 stocratem'
287 1577 441 1674 (Olymp.
474 1576 589 1661 CVII,
626 1601 638 1646 t
671 1574 858 1660 secundum
884 1578 1024 1671 Dionys.
1052 1577 1128 1659 Hali

89 1707 139 1778 ep.
163 1681 205 1749 ad
225 1683 336 1750 Ammss
358 1684 389 1774 §.
411 1683 459 1773 4),
483 1676 612 1777 quippe
641 1679 733 1776 quod
759 1679 942 1763 multorum
963 1679 1130 1750 malorum

89 1806 203 1856 auctor
223 1786 291 1876 illis
313 1789 351 1855 in
371 1787 562 1882 regionibus
583 1783 711 1879 populo
724 1783 924 1854 Atheniensi
942 1787 1130 1857 exstitisset.

85 1892 184 1961 Fecit
199 1891 264 1963 hoo
277 1891 403 1966 Schott.
419 1894 457 1966 in
470 1894 544 1963 vitis
555 1888 720 1987 parallel,
732 1906 767 1959 et
778 1889 902 1961 Iaeobs.
916 1890 955 1957 in
970 1887 1129 1961 adnotato.

88 1996 343 2069 adversionem
373 1998 587 2071 vernaculam
614 1998 713 2068 Dem.
742 2019 809 2068 orr.
834 1991 932 2090 publ.
973 1990 1039 2080 (ad.
1079 1992 1153 2071 or.ſj

36 2189 38 2191 Ι
89 2101 231 2193 Olynth.
256 2105 315 2172 ΙΙΙ.
338 2130 373 2196 p.
395 2101 463 2198 29).
509 2104 729 2177 Charidemus
756 2099 814 2171 hio
842 2107 956 2175 noster
985 2101 1039 2169 vir
1065 2100 1132 2171 fuit

88 2223 254 2298 spectatae
275 2210 364 2280 inter
376 2209 597 2277 Athenienses
617 2209 760 2290 virtutis,
782 2209 843 2303 qui
863 2204 1058 2299 perfunctus
1081 2221 1132 2289 est

88 2309 201 2400 prima
231 2308 274 2378 ed
302 2309 500 2403 Philippum
532 2309 697 2403 legatione
737 2310 783 2378 de
814 2311 899 2378 urbe
930 2309 1133 2403 Amphipoli

41 2436 43 2443 ·
93 2410 231 2505 Olymp.
247 2412 318 2495 CV,
341 2414 373 2495 3,
396 2414 618 2507 Theopompo
635 2419 717 2481 teste
730 2412 824 2506 apud
833 2411 929 2489 suta,
943 2438 974 2481 v.
996 2416 1132 2483 τίέστιν.

89 2514 186 2583 Idem
206 2541 290 2585 num
311 2516 413 2586 suerit
435 2506 656 2586 Charidemus
677 2518 722 2600 is,
744 2539 849 2610 quem
870 2515 1008 2611 Olymp.
1029 2519 1158 2602 nimis
1183 2599 1185 2605 Ι

86 2645 168 2689 rum
188 2620 301 2704 CVII,
324 2645 344 2690 n
373 2620 490 2691 decem
518 2623 659 2692 navibus
685 2622 724 2691 in
758 2619 1004 2690 Chersonesum
1024 2622 1135 2701 missis

86 2741 277 2821 praetorem
298 2727 495 2820 praefecisse
517 2725 736 2795 Athenienses
757 2724 1010 2801 Demosthenes¹
1029 2725 1134 2806 refert

89 2831 153 2921 (or.
177 2829 319 2923 Olynth.
342 2829 411 2914 111,
443 2855 478 2925 p.
502 2833 576 2922 29),
607 2848 707 2924 atque
736 2831 843 2923 copiis
872 2830 1132 2908 Atheniensium

88 2936 128 3003 in
149 2932 364 3029 Hellesponto
394 2935 598 3030 praefectus,
628 2958 731 3030 quem
750 2935 971 3011 Athenienses
999 2933 1135 3029 Chalcis

89 3037 175 3106 dicis
196 3040 335 3107 urbibus
351 3039 490 3134 Olymp.
505 3040 613 3122 CVII,
634 3038 658 3125 4
680 3035 875 3130 uPhilippo
895 3039 1019 3131 pressis
1041 3038 1147 3122 euxiss'

87 3141 139 3211 lio
153 3145 288 3226 ‘misisse
310 3143 529 3218 Philochorus
550 3158 666 3218 narrat
685 3138 775 3234 apud
797 3142 938 3236 Dionys.
959 3141 984 3210 l.
1008 3167 1083 3229 oc.
1098 3167 1133 3236 9,

90 3249 224 3341 etqui
256 3249 294 3316 in
331 3247 453 3316 iisdem
487 3247 680 3339 regionibus
717 3261 863 3323 versatus
896 3246 1029 3329 ridetur
1063 3272 1134 3331 esse

90 3349 232 3445 olymp.
246 3352 335 3434 CXI,
354 3376 382 3434 1,
401 3345 507 3445 quum
521 3348 698 3443 Philippus
711 3367 854 3420 mortem
870 3350 985 3422 obibat
996 3353 1133 3441 (Aesoh

88 3458 134 3523 in:
149 3455 248 3525 ‚crass
262 3470 297 3548 p.
314 3455 364 3543 *64
384 3456 430 3542 1.),
452 3455 542 3524 infra
561 3453 758 3524 videbimus.
803 3454 1007 3542 Charidemo
1028 3457 1133 3529 athe

89 3561 200 3627 nicusi
221 3579 298 3652 post
318 3550 467 3654 pugnam
489 3558 759 3629 Chaeronensem
785 3560 824 3627 in
852 3577 998 3630 extremo
1021 3563 1133 3641 civius,

90 3664 149 3733 tis,
165 3664 359 3731 discrimine
387 3689 550 3734 novarum
580 3687 696 3732 rerum
731 3663 847 3758 cupidi
875 3689 1039 3735 summam
1057 3667 1136 3735 'rei-

89 3766 247 3863 publicae
261 3766 587 3837 administrationem
600 3766 785 3837 tradebant
807 3767 895 3837 Plut.
909 3770 1011 3840 Phoe.
1034 3794 1063 3837 e.
1084 3769 1134 3839 16:

89 3871 250 3940 Eundem
272 3872 426 3966 denique
446 3870 639 3972 Alexander
660 3872 788 3940 Thebis
814 3873 936 3941 dirutis
965 3896 1029 3966 pro
1051 3897 1136 3966 pecc
1244 3863 1247 3873 ¹

89 3974 352 4048 Atheniensibus
375 3973 590 4045 concedenda
601 3975 957 4069 unacum'Hyperidn
980 3977 1135 4071 Lycurgo
1264 4013 1266 4018 ·

91 4096 126 4149 et
136 4078 278 4151 sexaliia
291 4073 333 4163 sd
347 4080 555 4176 supplicium
567 4082 773 4176 expoposcit..
792 4077 880 4159 Plut.
891 4081 948 4150 rit.
962 4079 1135 4164 Demosth,¹
1231 4127 1237 4135 -
1269 4085 1271 4090 ’
