2594 4672
196 437 299 508 quem
313 408 364 481 'in
396 436 478 508 pace
508 412 570 480 hac
601 411 833 511 componenda
862 437 941 483 curn
968 438 1008 485 eo
1036 422 1244 516 conspirasse

194 519 436 587 Demosthenes
458 516 640 610 praedicet.
684 519 726 585 V.
750 542 799 586 or.
825 516 867 584 de
897 529 965 588 cor.
994 544 1029 613 p.
1054 526 1129 594 232.
1175 529 1244 598 Va.

135 633 140 646 ‘
193 647 272 690 rum
293 620 465 689 Eubulum
485 622 577 689 hunc
605 623 643 687 in
665 621 831 714 legatione
860 622 919 690 illa
945 623 1075 694 nullam
1102 654 1243 722 prorsus

194 745 325 821 partem
346 727 519 805 habuisse,
549 723 767 794 clarissimum
794 726 962 796 indicium
989 745 1091 800 exstat
1113 737 1151 801 in
1174 737 1243 808 fine

194 833 357 900 orationis
385 829 600 914 Aeschineae.
654 831 813 899 Provocat
853 833 943 898 enim
975 833 1025 900 ibi
1057 835 1243 910 Aeschines

193 935 383 1032 Eubulum,
412 952 450 1002 ut
470 935 672 1026 probitatem
699 959 794 1000 suam
821 960 881 1005 suo
905 938 1093 1006 testimonio
1117 944 1241 1012 confir-

44 1090 46 1092 *
85 1039 112 1055 ”
148 1122 160 1137 ,ἃ
193 1046 286 1107 mare
308 1037 387 1106 velit
407 1038 459 1105 his
471 1039 596 1105 verbis:
619 1045 791 1133 παρακαλῶ
813 1041 847 1106 δὲ
861 1039 1024 1124 Εὔβουλον
1044 1044 1103 1126 μὲν
1124 1047 1159 1112 ἐκ
1178 1055 1238 1116 τῶν

159 1149 162 1157 ’
192 1150 358 1212 πολιτικῶν
379 1145 429 1230 καὶ
452 1141 623 1232 σωφρόνων
644 1143 768 1230 ἀνδρῶν
789 1142 975 1230 συνήγορον,
1008 1167 1078 1211 non
1101 1146 1234 1232 addens,

96 1290 99 1295 ,
193 1246 354 1339 collegam
375 1247 441 1314 sihi
464 1272 542 1313 eum
563 1249 600 1313 in
621 1245 786 1338 legatione
809 1245 963 1314 obeunda
991 1246 1113 1332 fuisse,
1147 1253 1238 1347 quod

194 1350 391 1433 addidisset,
421 1352 449 1416 si
477 1375 515 1416 re
544 1375 622 1419 vcra
650 1348 801 1417 Eubulus
828 1351 890 1417 iste
920 1375 997 1418 curn
1028 1375 1066 1420 eo
1086 1345 1183 1426 ¹esset
1201 1359 1240 1426 in

162 1443 175 1488 '¹
191 1454 427 1525 Macedoniam
448 1456 623 1546 profectus.
669 1454 863 1547 Eubuliqne
885 1453 983 1521 huius
997 1456 1240 1530 intercessione
1279 1528 1281 1532 .

193 1560 382 1629 absolutum
411 1583 481 1626 esse
502 1560 710 1653 Aeschinem·
727 1575 870 1641 constat,
901 1583 1006 1650 quum
1032 1584 1165 1632 oausam
1192 1548 1237 1635 de
1290 1605 1293 1616 ·

190 1666 278 1743 male
300 1682 390 1759 gesta
411 1663 577 1758 legatione
601 1681 723 1758 ageret.
769 1664 879 1746 Quem
901 1661 1040 1756 quidem
1062 1663 1238 1758 Spintheri

190 1770 309 1854 filium,
332 1765 626 1848 Probalisium,
656 1764 871 1858 Pseudoplut.
903 1784 997 1835 vocat
1019 1769 1090 1858 (vit.
1113 1772 1147 1838 X
1170 1798 1236 1842 orr.

191 1877 229 1942 in
251 1874 404 1964 Aesch.),
429 1874 542 1965 etqui
567 1894 644 1936 eum
673 1871 846 1963 exscripsit
868 1870 1003 1938 Photius
1033 1872 1123 1960 (cod.
1148 1877 1234 1966 264),

192 1981 327 2071 utrique
363 1995 474 2044 tamen
508 1999 621 2044 errore
649 1975 738 2068 capti
769 1973 881 2042 iudice
909 1975 1110 2046 Ruhnkenio
1145 1982 1236 2063 (hist.

168 2070 266 2150 crit.
297 2106 361 2150 orr.
386 2081 445 2155 Gr.
474 2106 510 2172 p.
543 2081 679 2166 145„in
707 2103 775 2148 orr.
800 2079 859 2145 Gr.
885 2077 941 2146 vcd.
963 2080 1003 2148 R.
1024 2080 1099 2150 Vol.
1123 2084 1235 2176 VIII),

191 2188 252 2280 qui
273 2202 363 2252 recte
384 2184 643 2278 Anaphlystium
663 2185 790 2278 ubique
812 2182 957 2277 intelligi
978 2184 1058 2267 vult,
1078 2187 1138 2258 ubi
1155 2192 1237 2258 sim-

188 2291 323 2386 pliciter
344 2289 494 2357 Eubulus
517 2310 806 2358 commemoretur.
852 2292 945 2375 Quae
967 2314 1073 2384 quum
1089 2295 1136 2359 ita
1158 2296 1235 2382 sint,

189 2398 307 2490 quaeri
328 2397 395 2464 iam
415 2396 537 2489 possit,
569 2393 739 2464 decretum
768 2395 833 2463 hoc
863 2394 905 2462 ad
928 2393 1070 2472 aliamne
1093 2396 1232 2491 legatio-

130 2566 134 2570 .
188 2526 268 2569 nem
279 2502 456 2593 pertineat,
468 2523 654 2595 pacemque
665 2503 800 2568 fortasse
815 2499 872 2566 01.
887 2499 960 2582 CX,
978 2502 1085 2591 3post
1102 2501 1230 2572 cladem

190 2606 460 2673 Chaeronensem
481 2606 717 2696 compositam,
740 2621 783 2686 ct,
807 2602 900 2698 quod
920 2603 1001 2671 inde
1023 2628 1227 2700 consequens

188 2726 249 2792 cst,
276 2709 507 2800 profectumne
537 2729 607 2773 non
637 2731 656 2772 a
676 2707 901 2776 Demosthene
923 2711 983 2791 sit,
1016 2708 1075 2776 sed
1092 2711 1140 2776 ‘ab
1162 2704 1228 2780 aliis

186 2811 496 2906 posterioribusque
518 2811 723 2902 temporibus
746 2812 907 2880 insertum
929 2831 962 2880 et
982 2837 1060 2899 cum
1077 2824 1160 2901 ,lero
1173 2816 1229 2883 de-

186 2936 277 2986 creto
315 2913 509 2985 confusum?
551 2912 621 3002 Sed
659 2913 741 2983 huic
777 2919 961 2985 sentcntiae
998 2916 1130 3011 reliqua
1172 2921 1230 2988 de-

188 3025 271 3090 creti
293 3021 440 3090 conditio
463 3037 577 3114 aperte
597 3037 774 3115 repugnat.
818 3021 970 3088 Eubulus
984 3023 1096 3115 igitur
1108 3025 1147 3107 is,
1170 3024 1231 3119 qni

184 3128 223 3193 in
236 3127 369 3195 decreto
383 3126 539 3208 occurrit,
559 3143 615 3192 aut
629 3125 747 3194 morbo
759 3123 939 3216 impeditus
958 3145 1007 3193 est
1019 3127 1060 3192 ab
1075 3126 1231 3197 obeunda
1283 3186 1293 3197 ,.

184 3228 362 3323 legatione,
386 3249 444 3298 aut
464 3227 613 3299 diversus
630 3246 680 3298 cst
701 3226 860 3296 acelebri
882 3227 942 3296 illo
958 3229 1104 3316 Eubulo,
1127 3257 1233 3323 quem

183 3353 343 3428 provocat
358 3335 548 3403 Aeschines·
561 3337 598 3401 in
622 3356 670 3402 or.
694 3333 736 3401 de
758 3332 844 3400 male
861 3350 951 3427 gesta
970 3333 1148 3426 legatione,
1172 3354 1233 3406 aut

186 3441 304 3532 quovis
327 3436 392 3505 alio
413 3438 515 3506 modo
538 3440 576 3504 in
598 3436 772 3505 decretum
793 3439 939 3531 irrepsit.

271 3541 422 3610 Alteram
443 3541 673 3610 difficultatem
693 3544 817 3608 excitat
837 3539 857 3626 ἢ
880 3542 989 3630 πρώτη
1011 3544 1166 3631 ἐκκλησία,
1192 3546 1232 3614 in

185 3672 252 3743 qua
273 3671 337 3742 pax
357 3670 436 3713 cum
458 3646 615 3739 Philippo
639 3644 772 3712 decreta
785 3643 910 3712 dicitur
925 3670 1004 3714 esse.
1049 3648 1120 3715 Hac
1137 3651 1233 3725 enim

182 3777 265 3823 voce
293 3750 466 3818 manifesto
494 3749 701 3843 significatur
734 3751 849 3817 concio
877 3752 990 3842 prima
1023 3775 1062 3819 cx
1085 3772 1232 3846 quatuor

182 3859 273 3926 statis
294 3859 332 3923 in
355 3879 487 3951 qttaque
508 3855 666 3947 prytanin
687 3854 899 3946 comitiorum
927 3850 1054 3921 diebus.
1100 3858 1233 3923 Praesi-

184 3961 284 4029 debat
305 3978 432 4041 autem,
462 3979 528 4050 quo
552 3975 702 4050 tempore
724 3955 767 4023 de
787 3958 1034 4050 pace'Athenis
1057 3960 1230 4050 agebatur,

182 4068 221 4134 in
257 4082 374 4155 senatu
406 4062 513 4131 tribus
530 4060 743 4145 Pandionis,
781 4059 819 4128 id
854 4059 962 4157 quod.
980 4081 1053 4130 tum
1083 4087 1120 4130 ex
1153 4066 1230 4157 ipso
