2594 4672
128 481 160 529 et
182 461 302 554 populi
324 460 485 551 scriptum
507 460 621 543 fuisse,
650 482 697 526 en
720 460 841 552 quihus
867 449 1035 525 {luserunt
1062 481 1165 550 pseu-

127 565 321 657 deponymi,
351 566 481 657 quippe
503 586 597 631 mere
610 561 845 645 ‘iudicialems
867 562 927 630 sed
949 560 1084 628 aliunde
1104 586 1166 655 pe-

125 671 224 736 titum
247 690 316 735 esse
339 683 372 732 et
389 668 536 734 ‘orationi
559 670 732 736 insertum.
777 669 820 734 Et
848 667 991 759 petitum
1013 690 1090 733 eum
1112 661 1165 732 di·
1213 668 1216 673 ’

117 772 269 840 'cendum
298 771 342 838 sit
364 794 405 836 ex
439 771 520 861 ipsis
553 770 631 838 actis
653 769 887 852 iudicialibus,
912 794 970 838 seu
990 792 1103 836 rursus
1126 792 1162 834 ex

125 857 238 968 'aliqua
261 898 377 965 eorum
409 873 615 942 collectione.
666 871 752 940 Inde
779 876 883 966 petita
910 875 1011 940 etiam
1039 873 1165 964 proba·
1228 954 1231 962 ,
1284 882 1287 892 “

118 979 238 1046 vhiliter
272 977 392 1044 dixeris
423 978 612 1044 testimonia
645 977 712 1045 duo
736 977 779 1044 de
812 977 977 1045 Aeschine
1000 977 1042 1044 ad
1065 1001 1166 1067 agen-

124 1081 202 1147 dam
224 1104 355 1147 causam
378 1077 551 1146 Deliacam
578 1078 718 1171 indigno
746 1067 901 1148 iudicato*
925 1088 971 1173 (p.
995 1087 1072 1170 272)
1106 1079 1165 1145 de-

126 1210 192 1276 que
215 1182 391 1249 Aeschinis
414 1181 619 1249 clandestina
642 1184 915 1265 cum'An‘anino,
936 1183 1088 1274 Philippi
1111 1206 1176 1253 ex-,

125 1288 311 1380 ploratore,
340 1284 561 1352 familiaritate
583 1293 629 1378 (p.
654 1288 743 1374 273).
788 1288 834 1352 At
856 1285 993 1352 alterum
1019 1287 1171 1353 testimo--

106 1394 220 1458 “nium
250 1390 366 1456 datum
394 1390 444 1458 ,es't
472 1388 746 1482 pseudeponymo
778 1389 891 1469 Nicia,
915 1390 991 1481 qui,
1019 1390 1049 1455 si'
1075 1390 1166 1454 testi-

126 1498 278 1586 monium
299 1490 387 1559 illud
411 1495 552 1560 exactis
581 1491 806 1561 iudicialibus
828 1494 970 1583 petitum
999 1508 1065 1573 est,
1096 1514 1166 1558 non

127 1615 237 1688 potest
275 1620 311 1662 ex
348 1596 457 1663 scriha
493 1595 678 1688 secundnm
707 1598 906 1688 ¹prytaniam
947 1612 1044 1661 natus
1086 1618 1165 1661 esse.
1240 1682 1241 1686 Ἰ

127 1702 216 1766 Ilaec
243 1699 335 1766 haud
360 1702 480 1792 'exigua
508 1724 585 1767 sane
614 1698 806 1782 difficultas,
839 1724 945 1794 quum
976 1697 1164 1766 Boeclthius

126 1805 161 1886 (l.
187 1828 214 1871 c.
237 1819 271 1896 p.
296 1804 351 1893 26)
375 1805 513 1871 adeam
535 1807 646 1872 minus
657 1806 851 1896 respexerit,
875 1805 1058 1871 accuratius
1069 1803 1167 1870 nobis

119 1907 236 1974 ‘adhuc
258 1903 461 1998 exploranda
482 1926 642 2000 superest.
1037 1922 1039 1933 ’

209 2013 459 2081 ¹Testimonium
480 2011 568 2078 illud
597 2034 672 2079 cum
699 2013 975 2106 pseudepouymo
997 2011 1094 2078 Nicia
1116 2011 1170 2076 iu-

127 2132 176 2183 sto
198 2116 297 2185 citius
330 2113 373 2186 ad
399 2115 721 2185 Hecatombaeon‘em
752 2117 807 2183 Ol.
833 2117 910 2198 CX,
944 2141 955 2182 1
989 2127 1090 2210 supra
1119 2121 1166 2208 (p.
1208 2127 1210 2130 ’

126 2219 205 2304 244)
234 2216 425 2298 retulimus,
457 2218 549 2309 quod
570 2220 764 2288 Anaxinum
787 2220 1027 2310 exploratorem
1050 2242 1172 2310 appro-

128 2323 315 2414 pinquante
335 2320 434 2403 hello,
457 2320 512 2389 Ol.
537 2322 634 2402 clx,
656 2321 679 2408 4
702 2316 851 2403 exeunte,
874 2320 1021 2388 Athenas
1041 2324 1168 2388 venisse

128 2424 347 2518 probabiliter
382 2427 481 2493 nobis
519 2443 661 2493 statuere
693 2448 791 2517 posse
820 2424 1023 2493 videbamur.
1064 2424 1191 2510 iden

130 2531 282 2622 opinatus
312 2547 360 2596 est
390 2518 583 2598 Boeckhius‘
604 2531 630 2596 l.
655 2534 691 2597 ·c.
708 2555 758 2623 ¹p.
785 2554 833 2615 ι2.
877 2529 976 2597 Nunc
999 2547 1110 2596 tamen
1131 2552 1170 2594 re

130 2636 314 2701 accuratius
342 2633 553 2702 vconsiderata
582 2635 652 2702 esse
684 2640 765 2700 sane
799 2633 963 2726 quaedam
995 2634 1170 2713 sentimus,
1276 2725 1278 2728 Ι

131 2762 216 2829 quae
239 2739 364 2805 abhac
382 2748 446 2805 hos
469 2740 631 2806 sententia
660 2728 907 2832 quodammodo
933 2737 1101 2821 retrahere
1122 2737 1171 2802 vi-

132 2841 283 2912 deantur.
335 2843 471 2909 Etenim
500 2843 741 2923 Demosthenes
770 2868 817 2912 or.
857 2841 899 2910 de
936 2866 1003 2910 cor.
1038 2867 1072 2932 p.
1108 2859 1170 2931 272
1264 2871 1265 2875 ’

129 2946 332 3013 Aeschinem
362 2948 586 3033 criminatur,
608 2947 702 3040 quo'd
730 2946 978 3040 primumcum
1005 2945 1171 3036 Pythone,

131 3048 283 3142 Philippi
316 3047 434 3140 legato,
469 3050 622 3118 adversus
651 3055 725 3118 rem
753 3048 924 3142 publicam
960 3047 1171 3139 conspirarit,

101 3200 104 3207 -
133 3152 255 3219 deinde
278 3176 354 3220 cum
374 3155 547 3236 Anaxino,
571 3145 721 3246 Philippi
752 3155 967 3247 exploratore,
995 3151 1174 3218 clandesti-
1235 3175 1237 3180 ·

133 3282 194 3325 nos
218 3280 412 3353 congressus
433 3258 598 3338 habuerit,
615 3259 726 3351 'idque
749 3270 925 3349 antequam
948 3258 1072 3324 iustum
1095 3280 1172 3326 cum

133 3362 294 3456 Philippo
328 3362 454 3428 bellum
487 3365 641 3428 exarserit
671 3365 743 3451 (πρὸ
773 3371 828 3428 τοῦ
862 3364 1005 3446 πολεμεῖν
1025 3367 1174 3449 ’φανερῶς

132 3491 168 3559 p.
193 3468 281 3558 273),
305 3466 397 3559 quod
428 3464 690 3558 redintegratum
724 3485 772 3533 est
803 3465 863 3532 Ol:
886 3465 958 3548 CX,
987 3491 996 3530 r
1024 3468 1173 3542 ineunte,

79 3607 81 3611 <
132 3589 216 3662 pace
253 3589 323 3636 tum
356 3569 550 3637 solemniter
587 3569 742 3663 discissa.N
781 3569 941 3662 Pythonis
970 3569 1173 3661 legationem
1285 3584 1288 3590 ’

79 3671 82 3676 ’
115 3666 178 3739 'ad
202 3674 257 3740 Ol.
283 3675 373 3753 CIX,
402 3699 411 3739 1
440 3671 650 3759 referendam
673 3699 742 3741 esse
769 3699 868 3766 supra
888 3674 1064 3741 ‘docuimus
1087 3680 1170 3764 (cap.

111 3779 193 3843 le.
217 3779 263 3864 3).
308 3778 503 3870 Insequenti
527 3803 614 3846 anno
639 3779 695 3846 Ol.
712 3779 801 3858 CIX,
826 3779 1065 3856 ajn'itnicitiae
1087 3799 1173 3843 non-

135 3882 218 3947 dum
239 3906 279 3948 eo
296 3900 479 3974 ⁴provectae
500 3901 608 3960 crant,
637 3902 674 3968 ut
704 3882 744 3948 de
759 3881 905 3948 ‘bellicis
933 3882 1076 3972 inceptis
1099 3903 1174 3970 age-
1284 3937 1286 3940 .

106 4035 108 4041 s
134 4005 238 4055 retur.
285 3984 352 4055 Sed
368 3987 432 4052 01.
458 3987 555 4064 CIX,
586 3989 604 4053 3
630 4005 766 4064 exeunte
790 3987 929 4052 Athenis
953 3991 1020 4070 jam·
1040 3983 1082 4052 de
1105 3984 1174 4050 Eu-

134 4090 219 4158 boea
259 4088 434 4157 liberanda
469 4093 648 4182 cogitatum
684 4107 745 4172 est,
784 4094 865 4158 item
899 4088 940 4157 de
959 4087 1098 4156 auxiliis
1139 4089 1175 4154 in
