2594 4672
556 336 558 341 .
598 237 754 342 ...3⁹9-

524 301 532 329 l

157 405 296 487 referat,
325 427 440 472 nemo*
455 422 512 472 est.
562 403 711 499 Philippi
747 421 836 471 certe
865 408 902 471 in
932 428 1004 469 cam
1034 405 1202 496 impetum

159 511 257 587 statui
287 531 357 576 non
384 532 497 600 posse,
529 533 630 601 supra
659 511 849 575 monuimus
879 509 928 600 (p.
957 495 1021 590 635.
1076 509 1203 577 Contra

161 608 406 704 expeditionem
428 613 682 682 Atheniensium
711 614 748 677 in
772 612 878 702 Cypri
908 611 1026 676 urbem
1060 610 1224 678 Salami-·

160 738 252 794 nem,
274 713 329 780 Ol.
354 715 461 796 CVII,
485 741 504 781 2
527 732 723 807 susceptam,
747 733 784 781 ut
806 723 1038 794 statueremus,
1067 712 1204 781 adduxit

161 833 222 905 nos
246 817 416 897 Diodorus
440 817 537 893 XVI,
570 817 613 896 42
643 832 676 889 et
696 815 749 898 46.
796 817 929 882 Etenim
953 814 1008 881 Ol.
1033 816 1149 896 CVII,
1184 840 1202 882 a

163 911 296 1004 Cyprus
318 913 359 980 ab
382 910 557 981 Artaxerxe
580 911 710 978 defecit.
744 913 785 981 A
814 935 881 1003 quo
913 910 1060 993 Idrieus,
1084 917 1203 983 Cariae

164 1014 313 1106 dynasta,
335 1015 477 1083 insulam
499 1020 606 1083 iussus
639 1017 675 1079 in
698 1017 872 1083 Persarum
894 1032 1090 1106 potestatem
1113 1017 1204 1084 redi-

166 1141 254 1210 gere,
278 1117 414 1184 classem
436 1139 551 1188 conu·a
573 1117 754 1186 defectores
777 1120 868 1185 misit
890 1119 1032 1184 ducibus
1055 1121 1206 1212 Evagora

165 1239 198 1298 et
220 1221 438 1292 Phocione
461 1224 675 1301 Atheniensi,
709 1225 765 1310 qui
787 1223 906 1287 urbem
927 1225 1124 1314 praesertim
1146 1223 1206 1290 Sa·
1251 1212 1256 1249 ²

166 1323 340 1405 laminam,
373 1324 431 1391 diu
454 1328 636 1405 obsessam,
666 1328 854 1415 insequenti
889 1349 992 1407 anno,
1015 1325 1205 1410 Otcvlt,

167 1430 185 1504 3
220 1446 458 1520 expugnarunt.
514 1430 565 1497 Eo
601 1430 672 1521 ipso
709 1448 857 1520 tempore
894 1432 1087 1509 Artaxerxes
1116 1429 1204 1510 bello

166 1533 370 1623 Aegyptiace
406 1551 584 1625 occupatus
627 1531 782 1598 auxilium
821 1558 839 1596 a
887 1531 1023 1600 Graecis
1060 1534 1204 1626 petebat.

167 1635 389 1728 Quapropter,
413 1655 446 1705 et
468 1637 560 1728 quod
583 1637 731 1703 Phocion
755 1635 849 1718 classi
881 1637 1056 1707 Persarum
1077 1636 1120 1702 ad
1146 1637 1205 1705 Sa-

165 1736 324 1817 laminem
346 1732 536 1831 praelectus
564 1740 679 1827 fuerit,
718 1738 776 1804 illa
813 1764 948 1831 quoque
984 1738 1118 1806 alterius
1147 1740 1206 1806 de·

169 1847 248 1917 creti
274 1841 452 1912 Salaminia
476 1842 642 1935 expeditio
667 1843 708 1907 ad
731 1867 854 1909 aunum
878 1842 934 1931 Ol.
954 1842 1059 1924 CVII,
1083 1868 1102 1908 a
1124 1867 1206 1936 pro,-

68 1987 71 1991 -
168 1945 321 2017 habiliter
343 1948 440 2015 nobis
462 1945 634 2016 referenda
650 1945 832 2026 videbatur,
856 1971 893 2012 ac
916 1949 943 2012 si
968 1972 1004 2012 ea
1028 1965 1111 2012 esset·
1125 1949 1204 2014 Per-

168 2052 217 2143 aisx
243 2051 362 2121 auxilio
393 2052 508 2133 missa,
539 2074 576 2117 ex
617 2075 722 2141 eaque
762 2074 928 2115 reversum
967 2041 1200 2116 Charidemum
1256 2126 1258 2133 Α

170 2171 202 2246 et
227 2154 411 2219 Diotimum
436 2155 490 2218 01.
515 2153 626 2232 CVII,
659 2156 677 2221 3
708 2153 949 2220 Boedromione
972 2153 1081 2219 relatis
1102 2155 1200 2221 ratio-

169 2257 268 2322 nibus
301 2275 471 2324 coronatos
504 2261 710 2336 censuimus,
747 2267 909 2333 unacum
936 2257 1110 2335 Nausicle,
1144 2260 1204 2347 qui

171 2359 226 2432 Ol.
250 2360 388 2452 quidem
412 2361 500 2442 CVI,
525 2363 545 2447 4
568 2365 600 2426 iu
626 2363 773 2428 Imbrum
797 2366 931 2440 missus,
967 2363 1083 2451 ibique
1106 2361 1204 2426 dere

170 2465 306 2556 publica
341 2460 424 2530 berle
447 2464 585 2532 meritus
608 2470 665 2546 sit,
701 2468 793 2532 cuius
823 2484 933 2534 tamen
956 2467 1206 2532 coronationem

171 2594 380 2660 quacumque
411 2569 451 2641 de
483 2595 575 2639 causa
612 2595 673 2661 per
710 2569 792 2651 duos
822 2593 925 2636 annos
961 2567 1099 2647 dilatam
1139 2592 1228 2634 esse

171 2673 398 2762 opinabamur.
422 2670 425 2674 .
609 2674 611 2677 ’

258 2773 325 2844 Sed
349 2777 426 2840 huic
453 2781 636 2866 sententiae
664 2804 751 2843 nunc
783 2803 860 2844 sane
883 2778 1044 2848 Bocckhii
1078 2780 1207 2846 monitu

87 2885 103 2936 .’
171 2880 357 2967 gravissima
380 2880 508 2948 obstare
532 2880 722 2970 argumerita
746 2885 914 2951 sentimus.

256 2980 410 3052 'Etenim
434 2988 568 3052 omnino
584 2979 660 3051 iton
691 2986 871 3052 verisimile
895 3004 952 3066 est,
977 2986 1034 3052 Ol.
1059 2983 1164 3066 CVII,
1188 3009 1205 3049 a

171 3087 391 3162 Athenienses
427 3091 534 3156 Persis
569 3092 710 3166 misisse.
733 3088 873 3170 auxilia,
904 3089 1008 3183 ‘quod'
1043 3079 1207 3156 Diodorus

161 3191 390 3286 Athenienses
413 3211 512 3285 atque
533 3194 823 3274 Lacedaemonios,
847 3217 952 3284 quum
974 3199 1014 3259 ab
1028 3194 1208 3259 Artaxerxe

170 3292 213 3364 ad
241 3293 322 3385 belli
352 3314 465 3375 eontra
495 3300 675 3392 Aegyptios
710 3300 899 3365 societatem
928 3297 1057 3363 invitati
1092 3312 1208 3378 essent,

131 3462 134 3465 .
171 3421 335 3463 recusasse
360 3425 431 3464 eam
454 3400 572 3466 refert:
604 3403 661 3486 τὴν
689 3405 794 3490 φιλίαν
816 3402 935 3488 ἔφασαν
956 3399 1014 3485 τὴν
1036 3401 1116 3488 πρὸς
1137 3403 1208 3477 τοὺς

93 3551 117 3581 4
171 3502 300 3589 Πέρσας
322 3515 434 3589 τηρεῖν,
461 3509 638 3588 συμμαχίαν
661 3509 694 3570 δὲ
716 3506 912 3574 ἀποστέλλειν
934 3492 1078 3573 ἀντεῖπὶον
1100 3505 1208 3594 (XVI,

172 3607 235 3690 44).
288 3605 419 3670 Foedus
450 3609 797 3695 igitur‘Atheuienses
835 3607 1047 3699 subsidiaque
1078 3633 1210 3676 recusa·

172 3728 266 3791 runt,
309 3710 470 3775 nimirum
505 3711 595 3802 quod
623 3712 740 3779 eodem
775 3731 924 3806 tempore
960 3716 1112 3804 occupati
1145 3715 1210 3807 ipsi

172 3813 366 3885 satisyeraut
393 3815 481 3878 bello
513 3815 665 3887 adversus
696 3807 904 3911 Philippum,
940 3817 1078 3910 quiOl.
1105 3818 1210 3899 CVII,

174 3913 187 3994 i,
217 3920 396 4014 Thraciam
419 3920 584 4013 ingressus
597 3919 802 4010 Chersoneso
827 3940 858 3986 et
880 3920 940 3986 illo
965 3940 997 3987 et
1018 3923 1210 4014 insequenti

112 4085 113 4088 ,
173 4049 259 4099 auno
284 4021 503 4100 imminebat·.
535 4024 576 4098 V,
600 4049 624 4100 s,
647 4051 681 4116 p.
710 4027 769 4114 196
797 4044 835 4105 et
858 4043 941 4118 quac
962 4026 1050 4092 iul'ra
1066 4026 1109 4100 de
1125 4026 1214 4093 Cha-
