2594 4672
574 224 690 295 sto

136 394 269 463 reienses
295 394 398 463 refert
423 394 624 486 praestitisse
656 389 830 482 virtutem3
866 419 989 490 eosque
1017 416 1184 496 prospera

136 516 232 566 certe
247 497 381 566 fortuna
410 496 583 567 dimicasse
606 524 645 568 ea
668 499 833 582 docent,
831 525 926 593 quae
936 503 1182 579 Athenienses

136 626 308 670 armorum
341 622 490 670 suorum
516 628 669 672 successu
706 605 810 673 laetos
845 608 956 673 statim
996 610 1182 683 instituisse

135 723 248 775 orator
277 704 388 774 tradit.
434 708 570 801 Pompis
598 710 691 775 enim
723 726 757 776 et
778 707 1082 800 supplicationibus
1104 739 1182 803 gra-

63 868 65 872 .
133 811 216 877 tiam
248 808 314 877 diis
344 809 507 902 agendam
536 810 688 880 decresse
721 836 776 881 eos
802 813 905 880 refert
930 811 953 879 l.
982 839 1011 881 e.
1041 841 1079 907 p.
1102 820 1181 887 301.

132 915 250 1004 Itaque
270 937 415 1006 pompae
433 913 629 982 referendae
659 916 834 984 commode
854 916 1020 984 videntur
1048 918 1093 987 ad
1114 923 1182 990 Pa-

69 1049 72 1054 ·
130 1019 314 1087 nethenaea
335 1041 456 1107 magna
477 1040 564 1109 quae
590 1042 680 1089 anno
700 1018 778 1101 illo,
806 1019 946 1113 Olymp.
969 1022 1044 1106 CX,
1067 1026 1101 1107 3,
1124 1051 1181 1093 ar·

103 1138 104 1141 ’
131 1123 254 1190 ehonte
288 1115 505 1200 Chaeronda,
531 1144 569 1186 re
596 1146 674 1188 vera
701 1123 866 1189 celebrata
895 1146 965 1188 esse
992 1125 1133 1194 docet
1121 1154 1180 1192 ιιι-

131 1226 287 1316 ¹scriptio,
319 1248 420 1316 quam
452 1222 559 1290 edidit
584 1223 770 1292 Boeckh.
760 1242 797 1291 tn
829 1225 957 1291 Oecon.
990 1226 1061 1295 Civ.
1093 1230 1178 1298 Ath
1207 1267 1214 1279 ·

128 1327 207 1397 Vol.
230 1329 273 1409 II,
296 1353 329 1418 p.
357 1328 428 1408 165,
452 1325 576 1394 deinde
599 1326 879 1418 inC01p.-Inser.
903 1325 964 1395 Gr.
986 1329 1065 1397 Vol.
1089 1335 1115 1398 Ι.
1140 1360 1177 1427 p.

129 1434 204 1503 363.
249 1429 479 1499 Panathenaea
506 1447 617 1497 autem
630 1455 758 1522 ,magna
780 1431 946 1505 celebrata
963 1457 1037 1500 esse
1065 1434 1179 1505 Heca-

129 1538 336 1607 tombaeonis
366 1533 422 1601 die
439 1535 605 1601 'XXVIII
631 1533 748 1602 docuit
777 1535 908 1603 Corsin.
945 1536 984 1603 F.
1011 1537 1053 1635 A.
1091 1541 1175 1610 Vol.

127 1644 178 1725 Il,
206 1667 242 1734 p.
272 1642 347 1731 357.
393 1638 445 1706 cf.
475 1637 622 1705 Boeekh.
649 1640 687 1704 in
716 1640 844 1708 Oecon.
872 1641 933 1707 civ.
967 1641 1051 1719 Ath.
1079 1643 1104 1709 l.
1144 1671 1174 1714 c.

126 1749 168 1814 ln
190 1746 317 1813 eisdem
345 1743 475 1834 magnis
504 1743 742 1810 Panathenaeis
765 1743 904 1835 Olymp.
928 1743 1007 1827 CX,
1030 1746 1175 1818 deoro-

125 1870 223 1919 natus
246 1852 346 1917 etiam
368 1846 458 1913 haud
479 1847 580 1911 dubie
602 1847 842 1914 Demosthenes
866 1865 915 1914 cst
937 1848 980 1916 ob
1003 1872 1040 1916 ea
1046 1899 1056 1930 ,
1081 1877 1172 1943 quae

124 1938 353 2007 recentissime
375 1933 417 2000 de
440 1957 477 1999 re
497 1932 672 2027 publica
658 1934 746 2000 bene
763 1950 940 2018 meruerat,
963 1955 1004 2001 ex
1026 1935 1170 2008 decretis

122 2036 344 2130 Demomelis
364 2056 399 2105 et
425 2037 668 2131 Hyperidis,
657 2063 695 2105 tn
723 2061 806 2130 quos
837 2040 1005 2109 incassum
1038 2043 1166 2129 γραφὴν

123 2146 315 2236 nepesinus
336 2142 482 2224 intendit
502 2137 662 2226 Diondas,
685 2159 766 2210 teste
783 2143 1009 2213 Demosthene
1031 2143 1072 2210 de
1094 2170 1163 2212 cor.

99 2275 157 2347 p.
181 2254 294 2339 tom).
339 2247 441 2316 Unde
474 2246 673 2341 Philippum
695 2248 817 2341 coniici
839 2248 944 2341 possit
970 2247 1169 2320 mediode-

121 2434 433 2452 Μ

16 2619 17 2622 ¹
127 2630 132 2636 .
164 2569 190 2658 ‘)
220 2571 424 2634 PanathenaeIs
452 2570 557 2652 magnis
585 2571 713 2647 coronati
750 2571 832 2629 etiam
861 2583 927 2629 sunt
955 2568 1104 2630 Diotimus
1135 2588 1166 2632 et

154 2660 157 2665 ’
207 2658 396 2720 Charidemus
419 2679 454 2716 ex
476 2657 594 2716 decreto
617 2656 724 2716 Calliae
747 2679 777 2739 p.
808 2656 879 2716 265.
905 2656 962 2715 ·At
984 2657 1165 2717 Demosthe·
1194 2727 1200 2737 ⁵

206 2769 258 2806 nes
288 2744 463 2803 Demomelis
491 2742 709 2824 Hyperidisque
739 2743 853 2803 decreta
881 2741 988 2801 eisdem
1010 2742 1109 2802 verbis
1132 2761 1163 2804 et

205 2831 322 2914 syllabis
359 2832 518 2912 conscripta
549 2851 610 2888 esse
640 2829 724 2905 dicit,
758 2829 865 2911 quibus
893 2831 976 2888 etiam
1008 2829 1161 2890 decretum

80 2933 84 2941 '
123 2946 126 2951 ·
206 2919 402 3002 Ctesiphontis
425 2931 453 2976 et
474 2917 639 2992 Aristonici,
668 2875 736 2975 olith
757 2917 818 2993 (Ol.
842 2916 921 2993 CIX,
942 2911 978 2998 A)
1002 2915 1039 2974 de
1062 2939 1094 2976 se
1116 2918 1161 2976 la-

123 3058 128 3066 .
204 3027 274 3070 tum.
319 3007 451 3110 ltaque
443 3029 472 3063 ιι
494 3005 548 3069 illis
581 3005 664 3061 etiam
686 3005 824 3084 scriptum
846 3002 968 3063 dixeris:
1000 2999 1050 3061 καὶ
1078 2998 1160 3063 ἄνα-

152 3103 154 3107 ‘
203 3114 347 3178 γοριυσαι
369 3086 424 3152 τὸν
446 3086 599 3174 στέφανον
620 3087 652 3151 ἐν
673 3091 718 3173 τῷ
740 3085 866 3174 θεάτρῳ
878 3087 1056 3160 Διονυσίοις
1077 3111 1160 3171 τρα-

202 3181 315 3266 γῳδοῖς
335 3184 460 3250 καινοῖς.
505 3180 554 3238 Sin
584 3193 680 3237 autem
699 3150 848 3256 bionysiis
869 3193 1021 3237 coronatus
1042 3179 1159 3238 Demo-

203 3271 317 3329 sthenes
345 3282 388 3327 est
414 3281 478 3326 ante
515 3265 624 3325 cladem
654 3262 899 3342 Chaeronensem,
933 3278 1086 3324 coronatus
1120 3267 1159 3326 sit

201 3376 317 3415 necesse
348 3370 391 3413 est
419 3352 647 3434 Elaphebolione
670 3351 718 3411 01.
742 3351 809 3428 CX,
821 3373 861 3432 ι,
884 3351 967 3432 quod
989 3351 1085 3422 ordini
1106 3375 1157 3412 re-

122 3476 127 3485 ’
202 3449 267 3503 rum
290 3443 405 3499 omnino
427 3453 577 3526 repugnat
622 3441 763 3499 Attamen
777 3461 835 3496 non
858 3439 913 3496 hoc
935 3439 1018 3496 etiam
1040 3459 1076 3496 ex
1099 3440 1157 3498 illis
1207 3509 1211 3521 1

159 3574 164 3587 .
200 3528 401 3591 Demosthenis
429 3527 524 3585 verbis
552 3524 784 3586 concludendum
812 3513 934 3583 videtur.
984 3523 1157 3583 Laudarunt

113 3665 122 3681 .,
200 3614 382 3681 Demomeles
416 3629 444 3673 et
471 3612 637 3694 Hyperides
669 3612 891 3679 Demosthenem
919 3609 959 3669 ob
980 3612 1078 3671 resin
1101 3611 1157 3670 ad-

200 3699 382 3763 ministranda
413 3720 446 3758 rc
455 3699 591 3806 publiea
610 3721 719 3801 nuper
747 3700 862 3778 egregie
880 3713 999 3803 gestas,
1038 3691 1155 3776 ἀρετῆς

200 3788 286 3852 ἕνεκα
307 3783 357 3846 καὶ
380 3779 514 3860 εὐνοίας,
548 3771 587 3864 ἧς
608 3778 685 3862 ἔχων
707 3778 889 3844 διατελεῖ
865 3781 908 3854 είς
936 3804 968 3844 τι
990 3777 1064 3854 τοὺς
1079 3778 1155 3843 ‘Et-

122 3864 125 3869 '
200 3880 295 3958 ipset
323 3868 464 3942 ἅπαντας
484 3869 534 3930 nai
567 3866 624 3930 τὸν
651 3868 751 3950 δῆμον
786 3865 841 3929 τὸν
869 3867 1062 3949 Ἀθηναίων,
1101 3869 1154 3929 καὶ
1189 3890 1192 3898 ¹

199 3959 279 4025 διότι
308 3958 441 4020 διατελεῖ
471 3951 616 4060 πράττων
652 3955 702 4017 καὶ
736 3954 831 4036 λέγων
860 3951 901 4018 τὰ
930 3953 1080 4034 βέλτιστα
1106 3958 1153 4017 τῶ

200 4046 299 4136 δήμῳ,
323 4044 373 4109 καὶ
395 4038 646 4128 setensteten
669 4050 765 4141 neseis
787 4038 875 4106 ὃτι
857 4067 896 4106 αν
917 4037 1088 4124 divntm’
1069 4063 1170 4124 αγα-
