2594 4672
633 241 790 352 ‚gap-4

192 422 279 487 versi
301 422 401 485 maris
424 417 467 484 ad
489 421 652 486 orientem
673 421 837 511 vergentis
865 420 1048 510 imperium
1069 418 1240 492 affectanti

192 523 367 593 obstabant
385 541 518 615 praeter
538 521 685 589 Thraces
707 526 798 616 ipsae
809 525 953 589 maxime
968 523 1112 589 civitates
1130 522 1241 590 Grae-

193 652 265 708 cae,
293 625 337 693 ad
357 625 583 720 Propontidis·
601 648 695 693 oram
726 626 807 692 sitae
843 649 1025 717 earumque
1052 627 1239 718 inprimis

190 731 440 825 potentissima,
472 732 682 822 Byzantium.
731 730 825 802 Haec,
844 731 935 796 enim
956 735 1052 809 urbs,
1079 728 1128 806 ad
1155 731 1241 799 Bos-

190 860 313 929 porum
340 835 527 901 Thracium
554 836 665 901 iacens
699 851 802 902 totam
828 835 952 919 Euxini
979 834 1080 900 maris
1107 858 1242 902 merca-

193 959 301 1008 turam
322 940 471 1019 tenebat,
501 938 727 1030 frumentique
748 940 893 1004 maxime
915 938 1048 1005 Pontici
1071 960 1240 1007 commea-
1270 955 1272 960 '

193 1053 285 1126 tum.
311 1045 372 1135 qui
402 1049 489 1107 cum'
502 1044 690 1110 nniversam
711 1046 749 1108 in
772 1043 963 1122 Graeciam,
992 1059 1065 1108 tum
1085 1068 1241 1134 praeser-

192 1151 254 1215 tim
275 1151 313 1213 in
335 1148 480 1213 Atticam
501 1147 743 1239 importabatur
773 1146 830 1236 (V.
853 1145 998 1214 Boeckh.
1022 1147 1151 1215 Oecon.
1176 1150 1240 1217 civ.

192 1253 271 1318 Ath.
295 1251 371 1318 Vol.
397 1253 421 1317 1.
444 1275 478 1342 p.
501 1254 562 1335 853
584 1249 687 1320 Wolf.
711 1249 754 1317 ad
771 1252 905 1342 Leptin.
927 1275 962 1343 p.
985 1253 1061 1320 253.
1084 1267 1118 1318 et
1138 1275 1240 1344 prae-

161 1356 163 1360 ’
193 1357 353 1423 terDem'.
367 1355 499 1441 decor.
522 1380 556 1448 p.
569 1354 643 1440 254,
667 1353 740 1423 326.
754 1355 852 1421 etiam
871 1354 980 1422 strab.
991 1354 1070 1436 V113
1092 1380 1128 1448 p.
1145 1359 1239 1448 309),
1267 1354 1269 1358 Α

193 1463 239 1527 ita
261 1479 387 1527 utnon
412 1456 483 1525 sine
506 1485 603 1538 eausa
625 1458 866 1527 Demosthenes
888 1459 1089 1552 Philippum
1112 1483 1152 1528 eo
1174 1483 1239 1554 po,-

155 1629 157 1632 ,
193 1568 358 1631 tissimum
380 1564 521 1631 consilio
551 1561 798 1656 expeditionem
823 1563 920 1631 illam
949 1565 1240 1655 suscepissesscon·

192 1667 317 1749 tendat,
340 1687 377 1734 ut
400 1671 544 1736 Pontum
565 1669 737 1737 Euxinum
756 1669 931 1760 ipsamque
960 1670 1061 1736 etiam
1081 1669 1240 1763 Propon-

95 1787 96 1791 ’
193 1772 296 1839 tidem
325 1791 438 1863 posset
465 1798 524 1840 sua
551 1775 590 1841 in
616 1788 779 1865 potestate
806 1791 919 1840 tenere
953 1790 988 1840 et
1015 1771 1238 1842 Athenienses

193 1878 354 1944 frumenti
384 1893 572 1944 commeatu
600 1878 746 1967 privatos
775 1875 940 1945 faciliores
969 1876 1034 1944 sihi
1063 1876 1120 1944 ad,
1139 1878 1238 1947 obse-

194 1984 312 2074 quium
341 1979 495 2046 reddere.
522 2056 523 2063 *
547 1980 666 2073 quue
695 1982 861 2049 nimirum
889 1981 1029 2050 consilio
1058 1981 1238 2074 Philippus

194 2085 382 2153 Thracibus
410 2085 577 2176 oppressis
603 2107 704 2153 novas
731 2109 795 2177 per
828 2108 901 2153 eam
931 2086 1105 2176 regionem
1132 2086 1236 2152 urbes

135 2250 137 2264 ,
193 2189 497 2282 locisopportunis
519 2185 699 2271 condebat,
732 2186 886 2257 Diodoro
908 2205 990 2279 teste
1014 2189 1111 2271 XVI,
1144 2189 1235 2278 71.'')

195 2295 264 2362 Sed
286 2293 405 2360 iisdem
427 2295 508 2384 ipsis
528 2294 673 2387 inceptis
696 2290 816 2361 altiora
848 2295 950 2361 etiam
970 2294 1039 2361 iam
1061 2311 1134 2360 tum
1156 2292 1239 2360 Phi-

194 2399 308 2492 lippus
336 2400 515 2491 appetiisse
544 2397 685 2465 videtur.
739 2397 908 2488 Cogitasse
937 2399 1027 2465 enim
1057 2423 1136 2464 eum
1164 2414 1253 2465 tum

192 2506 258 2570 iam
281 2503 434 2573 debello
457 2504 530 2592 regi
551 2504 729 2570 Persarum
755 2501 932 2571 inserendo
954 2501 1053 2569 docet
1074 2501 1165 2568 Dem
1187 2525 1237 2570 or.

192 2608 280 2674 Phil.
315 2608 373 2675 lV.
405 2633 440 2698 p.
479 2610 549 2695 ¹39·
604 2607 733 2690 Quibus
770 2624 882 2675 tamen
916 2605 1071 2698 Philippi
1103 2605 1237 2689 studiis,

194 2736 302 2804 quum
323 2734 444 2802 magna
472 2709 674 2776 Graecarum
701 2712 885 2803 civitatium
911 2735 988 2802 pars
1015 2705 1139 2801 cupide
1168 2705 1238 2777 eius
1288 2774 1290 2776 .

189 2818 383 2883 societatem
405 2815 568 2905 arriperet
589 2813 702 2894 (Diod.
725 2814 749 2883 l.
773 2815 833 2905 c),
863 2815 1064 2907 Byzantium
1090 2831 1240 2881 ceterae·

194 2943 261 3012 que
285 2923 382 2987 urbes
410 2915 453 2983 ad
483 2917 723 3008 Propontidem
744 2920 843 3000 sitae,
872 2944 951 2986 cum
972 2919 1132 3011 Byzantio
1154 2941 1240 2986 con-

186 3025 347 3106 sociatae,
370 3021 628 3091 adversah'antur
649 3048 727 3091 cum
739 3009 881 3116 propter
902 3046 960 3089 sua
972 3023 1122 3114 ipsarum
1144 3044 1240 3089 com-

193 3126 310 3211 moda,
340 3145 414 3196 tum
441 3129 523 3221 ipsis
550 3127 642 3195 haud
670 3126 774 3194 dubie
801 3128 842 3194 ab
864 3120 1126 3193 Atheniensibus
1149 3127 1240 3192 inci·
1279 3196 1284 3201 ,

76 3220 80 3231 .
151 3297 154 3302 .
194 3248 298 3314 tatae,
334 3234 374 3298 iu
407 3256 552 3325 quorum
588 3234 780 3301 societatem
801 3219 1006 3324 'Byzantium
1035 3254 1114 3297 cum
1148 3229 1238 3297 Chio

112 3334 114 3339 ’
194 3335 380 3427 Rhodoque
395 3335 541 3403 redierat
556 3334 780 3430 Olympclll
793 3361 820 3401 a.
836 3360 868 3415 a,
892 3358 958 3425 quo
971 3332 1102 3400 bellum
1114 3331 1238 3400 sociale

196 3441 417 3532 compositum
439 3458 496 3508 est.
543 3442 652 3524 Quam
674 3441 716 3507 oh
744 3465 817 3505 rem
840 3437 1079 3504 Demosthenes
1102 3436 1240 3536 Philipj

195 3566 280 3636 pum
301 3542 343 3610 oh
367 3562 550 3611 recusatam
577 3543 661 3611 belli
667 3596 678 3627 ,
710 3542 802 3637 quod
835 3541 990 3610 adversus
1012 3542 1237 3610 Athenienses

195 3740 506 3758 m

284 3882 349 3920 eum
380 3881 435 3918 una
466 3883 532 3920 cum
553 3861 695 3943 legatione
717 3862 866 3943 Byzantia,
895 3861 998 3922 eodem
1020 3861 1086 3923 loco
1109 3882 1237 3921 comme-

261 4018 263 4022 7
285 3961 399 4018 morata,
422 3969 474 4028 per
497 3971 527 4006 se
550 3963 770 4008 cousentaneum
793 3965 845 4009 est.

243 4065 268 4150 ')
292 4067 361 4128 lude
384 4069 539 4150 illustratur
560 4043 709 4138 Strahonis
729 4070 820 4150 locus,
843 4095 931 4156 quem
953 4093 1041 4154 supra
1050 4069 1238 4131 laudavimus.
