2594 4672
652 256 807 366 ,οεο-

211 440 266 507 τὸν
281 438 403 525 ’κη’ρνιια
424 437 472 526 (p.
497 436 539 522 59
560 437 670 514 extu),
692 448 858 522 postrema
879 427 961 493 baec
986 426 1085 493 verba
1107 425 1153 492 ad
1175 427 1252 504 τούς

211 540 345 622 ’ξενικούς
372 536 543 626 στεφάνους
576 531 750 600 referenda
783 553 852 597 esse
886 529 1073 613 contendit3
1110 547 1186 597 tum
1215 557 1250 624 p.

209 648 308 715 Gom.
330 645 381 710 καὶ
403 643 455 707 διὰ
477 647 569 706 τούτο
592 637 782 724 προςίθηκεν
804 631 1017 723 ὃνομοθίτης,
1043 636 1099 713 ait,
1120 633 1166 720 μὴ
1190 662 1250 731 ηιη-

210 749 380 836 ρύττεσθαι
410 743 465 810 τὸν
494 740 658 827 ἀλλότριον
691 741 845 826 στέφανον
874 737 906 802 ἓν
935 742 979 826 τῷ
1004 735 1150 826 θεάτρῳ,
1182 738 1250 804 ἐὰν

209 853 259 938 μὴ
281 851 503 937 ψηφίσηται
526 843 544 911 i
567 848 707 928 δῆμος,
726 841 766 908 ἵν’
787 837 808 925 ἦ
830 841 919 916 πόλις
939 837 959 924 ἢ
978 842 1153 926 βουλομένη
1177 867 1250 908 τινα

209 963 272 1024 τῶν
298 951 455 1040 ἡμετέρων
478 955 673 1036 στεφανοῦν,
702 946 846 1034 πρέσβεις
877 943 1031 1027 πέμψασα
1059 946 1162 1032 δεηθῇ
1193 951 1251 1011 τού

210 1058 320 1144 δῆμον.
365 1054 530 1144 Denique,
552 1068 731 1143 postquam
760 1051 867 1140 ipsam
894 1045 1001 1143 legem
1021 1047 1158 1113 recitari
1181 1049 1252 1115 ins-

189 1146 311 1228 serat:
333 1155 455 1224 ἐπειδάν
475 1157 578 1220 τοίνυν
600 1156 812 1249 ἐξαπατῶντες
830 1148 913 1234 ύμάς
932 1142 1070 1234 λέγωσιν,
1095 1147 1138 1226 ὡς
1152 1177 1252 1240 προς.

208 1265 377 1350 γέγραπται
405 1261 436 1349 ίν
457 1265 502 1348 τῷ
534 1254 620 1346 νύμιρ
648 1255 786 1333 ἐξεῖναι
814 1258 1049 1340 στεφανοῦν,
1082 1253 1147 1326 ἐάνΙ
1168 1273 1251 1341 ψη-

209 1369 371 1456 φίσηται
394 1359 410 1426 ὃ
435 1365 575 1447 δῆμος,
598 1356 865 1444 ἀπομνημονεύετε
881 1354 987 1430 αύτοῖς
1000 1351 1197 1440 ὑποβάλλειν,
1222 1358 1253 1424 εί

167 1504 169 1509 ·
210 1472 246 1537 δέ
266 1469 310 1536 σί-
322 1492 370 1543 τις
390 1465 467 1550 άλλη
494 1462 583 1539 πόλις
601 1454 768 1549 στεφανοῖ.
813 1461 860 1525 Ex
893 1458 946 1524 his
972 1456 1064 1523 haud
1093 1460 1250 1553 ambigue

142 1577 144 1585 '
209 1574 309 1643 totius
341 1568 422 1659 legis
456 1568 543 1633 hanc
578 1563 805 1631 conditionem
837 1562 937 1627 fuisse
963 1564 1140 1631 coniicias:
1176 1566 1250 1657 pri-

208 1701 299 1744 mam
344 1675 414 1739 eius
454 1689 584 1765 partem
622 1692 730 1736 servos
769 1669 806 1733 in
843 1667 971 1734 theatro
1007 1691 1110 1733 manu
1146 1669 1248 1750 mitti,

210 1781 349 1849 alteram
377 1778 464 1844 cives
492 1800 512 1839 a
545 1773 715 1852 tribubus,
748 1772 878 1838 tertiam
908 1795 927 1834 a
957 1768 1062 1835 demis
1092 1773 1249 1839 coronari

208 1885 359 1963 vetuisse,
382 1903 521 1971 eamque
533 1877 654 1943 iisdem
666 1874 800 1942 fortasse
822 1874 940 1954 verbis,
964 1876 1110 1964 quaein
1124 1899 1180 1948 or.
1203 1876 1247 1942 de

171 2059 173 2063 ,
210 2011 277 2056 cor.
300 2001 484 2053 servantur:
508 1982 602 2056 ὅσους
630 1981 820 2066 στεφανοοσί
844 2003 924 2054 τινες
954 1984 1017 2053 τῶν
1047 1978 1162 2062 δήμιον,
1186 1978 1245 2056 τάς

132 2097 140 2115 “
209 2087 425 2176 ἀναγορεύσεις
452 2091 516 2152 τῶν
538 2081 699 2170 στεφάνων
724 2089 883 2171 ποιεῖσθαι
911 2083 944 2170 ἐν
974 2081 1080 2158 αύτοΐς
1101 2080 1243 2158 ἑκάστους

208 2203 275 2270 τοῖς
295 2194 385 2267 ἰδίοις
411 2189 536 2275 δήμοις·
565 2203 733 2278 postremo
765 2186 846 2251 hacc
873 2186 997 2275 scripta
1025 2183 1242 2278 probabiliter

209 2296 315 2364 dicas:
342 2292 422 2380 μήθ’
446 2289 497 2358 ὕπ’
527 2291 621 2357 άλλοο
647 2288 780 2375 μηδενὸς
808 2292 840 2355 ἓν
861 2295 905 2378 τῷ
926 2288 1054 2379 θεάτρῳ
1077 2289 1244 2378 ἀναγορεύ-

208 2408 301 2470 εσθαι
323 2397 583 2485 στεφανούμενον,
616 2392 637 2477 ἢ
660 2392 772 2476 ἄτιμον
794 2389 869 2458 εἶναι
891 2393 947 2459 τὸν
967 2391 1104 2479 κήρυκα,
1127 2394 1182 2460 ἐάν
1200 2391 1244 2479 μή

208 2528 295 2580 τινας
326 2499 344 2567 ὃ
372 2504 472 2585 δῆμος
488 2495 513 2589 ,ὃ
542 2503 605 2563 τῶν
625 2496 803 2581 Ἀθηναίων
830 2496 851 2580 ἢ
882 2493 902 2580 ἧ
928 2497 1026 2581 βουλὴ
1049 2500 1242 2585 ψηφίσηται·

200 2606 338 2679 ’τούτους
359 2606 385 2668 δ’
407 2604 514 2679 ἐξεῖναι
536 2602 568 2666 ἐν
589 2598 782 2690 τῷθεάτρῳ
800 2601 978 2683 Διονυσίοις
989 2599 1243 2688 ἀναγορεύεσθαι.

207 2709 282 2775 Iam
302 2726 379 2772 vero
401 2705 498 2768 inea
519 2699 609 2791 lege,
639 2727 724 2793 quae
754 2705 791 2768 in
821 2727 868 2770 or.
898 2701 939 2767 de
967 2726 1034 2769 cor.
1067 2705 1243 2784 invenitur,

209 2810 329 2877 omissa
351 2823 428 2872 sunt
448 2804 559 2871 media
582 2802 653 2869 illa:

208 2909 309 2980 Unde
328 2908 437 2999 legem
458 2909 546 2989 hanc
561 2931 631 2973 non
654 2907 762 2974 solum
784 2927 914 3000 partem
938 2934 1007 2975 esse
1021 2929 1133 3002 pateat
1147 2909 1243 2977 totius

206 3017 289 3106 legis
310 3014 541 3105 Dionysiacae,
565 3011 717 3078 sedeam
742 3015 841 3078 etiam
862 3037 898 3079 ex
921 3013 1056 3081 arbitrio
1082 3040 1101 3079 a
1124 3016 1243 3081 Demo-

206 3122 322 3189 sthene
342 3116 563 3197 decurtatam,
593 3113 738 3207 ideoque
760 3139 829 3182 non
853 3142 871 3181 a
896 3119 1076 3185 recentiori
1101 3117 1244 3211 quodam

206 3227 277 3293 viro
305 3221 420 3303 docto,
451 3220 510 3287 sed
542 3220 582 3286 ab
619 3236 749 3286 oratore
786 3222 861 3311 ipso
898 3221 1043 3288 orationi
1076 3224 1241 3289 insertam.

204 3328 435 3396 Veruntamen
464 3324 667 3390 decurtatam
696 3348 735 3389 ex
771 3324 907 3391 arbitrio
939 3323 1049 3414 legem
1076 3324 1242 3392 indicibus

153 3412 158 3430 ¹
202 3416 415 3523 proposuisse
429 3419 698 3507 Demosthenem,
714 3425 882 3493 difficilius
894 3425 1106 3497 crediderim.
1135 3430 1240 3520 Quam

204 3537 341 3603 obrem
365 3531 462 3596 aliam
492 3532 541 3596 rei
570 3531 733 3597 rationem
757 3530 859 3597 fuisse
886 3532 1047 3623 suspicor.
1094 3533 1171 3601 Non
1192 3551 1240 3600 to·

45 3659 48 3662 ⁴
139 3704 164 3717 „
204 3657 271 3706 tam
293 3635 402 3726 legem
424 3634 661 3725 Dionysiacam
688 3636 926 3726 interpretatur
953 3634 1155 3716 Aeschines,
1183 3633 1239 3702 sed

204 3744 275 3806 eius
296 3736 505 3807 solummodo
533 3737 681 3817 initium,
711 3739 749 3801 in
772 3760 839 3830 quo
868 3762 1033 3811 summam
1055 3739 1139 3831 legis
1162 3762 1239 3807 con·

201 3846 360 3935 scriptam
380 3839 554 3934 probabile
577 3855 625 3905 est
642 3839 697 3906 his
719 3839 787 3907 fere
809 3840 918 3908 verbis
926 3869 940 3908 ε’
956 3841 1151 3930 μήτόίιιίτην
1164 3843 1237 3910 άπε-

200 3952 369 4033 λεοθερούν
396 3947 428 4010 ἓν
453 3950 498 4032 τῷ
519 3941 663 4032 θεάτρῳ,
692 3944 771 4029 μήθ’
799 3941 859 4010 {md
882 3951 945 4011 τῶν
966 3952 1109 4034 φυλετῶν
1137 3946 1236 4033 ἢδη·
1289 4030 1291 4039 Ι

200 4056 305 4135 μοτῶν
325 4047 569 4134 ἀναγορεύεσθαι
591 4047 853 4135 στεφανούμενον,
883 4044 966 4142 μηθ’
983 4046 1036 4117 ὕπ’
1056 4049 1158 4118 ἄλλον
1176 4077 1235 4137 μη·
1288 4096 1291 4245 η

1277 4372 1292 4625 l
