2594 4672
544 284 607 355 aot
629 347 631 351 .

498 374 653 390 m

145 449 256 541 Atque
278 473 407 517 summa
430 468 519 519 certe
544 452 645 520 huius
674 471 806 521 nostrae
839 452 1008 544 opinionis
1029 472 1094 522 ats-

85 552 123 632 it,
157 554 284 621 etiamsi
300 620 302 627 ,
318 552 457 622 decreta
478 580 548 624 ιιοιι
574 555 617 622 ad
644 555 700 624 Ol.
723 557 817 637 CVI,
848 555 949 623 ased
970 554 1013 622 ad
1036 557 1091 627 Ol.

85 655 174 736 NH,
212 681 232 722 2
270 658 445 727 referenda
475 658 664 729 contendas.
716 660 802 728 Nam
835 658 878 725 ad
911 659 1003 730 hunc
1039 685 1092 730 so-

85 854 365 870 ..Μ

142 973 224 1035 sed
217 998 245 1033 ιιι
267 977 331 1056 ipso
353 993 453 1037 senatu
476 994 503 1038 et
530 992 627 1058 rogata
655 993 686 1039 et
707 978 886 1054 confirmata,
922 979 1090 1083 qurlrusque
1128 1042 1131 1051 ⁴

143 1060 366 1122 decernendis
358 1084 421 1142 ipse
454 1080 581 1139 senatus,
612 1065 750 1126 relatione
772 1067 894 1126 senatori
916 1083 965 1126 aut
986 1069 1089 1140 ei,1n

144 1150 225 1207 cuius
247 1148 384 1206 sententia
405 1149 467 1230 ipse
489 1150 681 1233 acquieverat,
703 1167 750 1211 aut
772 1150 819 1210 alii
839 1151 951 1212 cuidam
973 1152 1091 1214 deman-

144 1231 217 1307 data,
238 1248 337 1292 auctor
347 1232 379 1292 fit
389 1236 577 1315 populo
597 1236 697 1341 ltaque
709 1237 810 1319 quod
801 1260 830 1296 ιιι
852 1238 943 1297 altero
964 1239 1013 1298 illo
1037 1239 1090 1299 de-

144 1333 222 1393 creto
234 1318 340 1398 Calliae
360 1321 465 1402 legitur
475 1323 592 1402 βουλῆς
611 1315 728 1405 γνώμη,
752 1323 912 1382 idhocsibi
923 1322 997 1384 vult:
1021 1326 1090 1386 Cal·

142 1404 193 1462 lias
215 1407 384 1488 conscripsit
406 1406 553 1467 decretum
574 1408 610 1467 de
632 1409 795 1468 coronando
819 1408 991 1468 Charidemo
1014 1412 1090 1471 Dio-

143 1492 282 1573 timeque,
305 1493 387 1574 quod
408 1496 517 1554 senatui
531 1495 686 1576 placuerat,
708 1495 740 1554 id
762 1516 829 1556 vero
841 1516 901 1554 non
910 1511 1013 1598 sponte
1034 1519 1089 1557 nec

143 1599 158 1634 a
170 1600 211 1681 'se
234 1579 296 1661 ipso
318 1595 457 1661 rogatum,
478 1595 511 1640 ut
533 1580 621 1640 docet
642 1580 818 1663 praecedens
839 1574 1017 1660 πρυτάνεων
1037 1583 1089 1643 λε·

142 1654 269 1743 νόντων.
314 1664 379 1725 Ηοο
406 1668 480 1725 enim
510 1682 558 1726 aut
590 1667 667 1726 idem
689 1668 762 1727 valet
790 1666 872 1750 quod
893 1661 1086 1744 κελευόντων,

130 1752 197 1820 λιοο
219 1767 274 1810 est:
297 1767 449 1832 prytanum
470 1754 549 1813 iussu
571 1753 673 1814 Callias
694 1769 807 1814 senatus
820 1753 1011 1834 rogationem
1019 1776 1089 1814 con-

142 1839 263 1918 scripsit,
285 1853 333 1895 aut
355 1838 553 1920 explicandum
575 1855 618 1899 est
645 1862 680 1900 ex
706 1840 846 1941 persimili
867 1839 985 1900 decreto
1006 1861 1088 1901 sena·

141 1938 202 1998 tus,
229 1923 311 2005 quod
342 1925 448 2005 legitur
475 1949 521 2006 ap.
548 1926 712 1986 Βοιιολιλι.Ι
692 1949 732 1985 ιιι
763 1926 854 2007 Corp.
882 1926 968 1985 lusor.
999 1925 1020 1986 I.
1043 1950 1087 1987 nr.
1159 1993 1161 1997 ‚

143 2012 243 2082 eo8‚'
235 2033 263 2068 ιιι
292 2032 353 2092 quo
380 2012 518 2093 scriptum
546 2027 603 2073 est:
635 2007 785 2090 δεδόχθαι
814 2012 853 2094 τῆ
873 2012 989 2094 βοολῆ,
1013 2033 1088 2085 τους

139 2090 301 2174 λαχόντας
312 2091 483 2202 προέδρους
508 2097 552 2169 εἷς
575 2092 634 2204 τὴν
661 2097 807 2160 ἐπιοῦσαν
825 2072 988 2203 ἐκκλησίαν
1005 2119 1089 2204 555-

138 2179 266 2259 ματίσαι
295 2180 379 2286 ιιιρὶ
390 2177 534 2264 τούτων,
554 2178 680 2264 γνώμην
707 2181 741 2245 δὲ
770 2177 1005 2261 συμβάλλεσθαι
1031 2187 1089 2266 τῆς

106 2304 111 2311 ·
137 2269 254 2348 βουλῆς
280 2264 323 2359 ἐἵς
348 2263 404 2328 τὸν
417 2265 597 2373 δῆμον,“
579 2290 627 2330 οτι
649 2269 736 2330 δοκεῖ
752 2271 791 2352 τῇ
811 2271 910 2352 βονλῆ
931 2267 1088 2333 ἐπαινέσαι

138 2350 195 2416 τὸν
215 2348 575 2434 γομνασιαρχήσαντακ.
597 2376 625 2416 τ.
648 2356 675 2416 λ.
707 2355 831 2430 Quod
823 2358 911 2437 igitur
930 2357 977 2415 hic
996 2371 1088 2438 proe-

139 2442 200 2516 dris
221 2441 423 2516 demandatur,
455 2442 553 2502 idem
564 2442 705 2524 agendum
731 2441 829 2500 fuerit
846 2441 1065 2522 prytanibus,
1056 2465 1087 2502 ιιι

139 2511 228 2587 altero
258 2529 306 2587 illo
335 2528 440 2595 Calliae
470 2528 588 2589 decreto
611 2529 849 2588 commemoratis:
883 2527 999 2587 Senatui
1019 2529 1087 2610 pla-

121 2617 215 2690 cuit,
244 2630 276 2672 ut
298 2630 471 2674 coronentur
497 2614 684 2676 Charidemus
710 2629 738 2674 et
759 2615 916 2691 Diotimus,
947 2616 1085 2676 concione

139 2701 211 2760 iacta
232 2716 366 2782 prytanes
392 2700 567 2761 voluntatem
595 2716 706 2761 senatus
731 2714 947 2803 proposuerunt
973 2703 1086 2783 populo

141 2785 262 2871 eamque
298 2789 467 2870 conscripsit
490 2789 600 2848 Callias.
646 2789 753 2853 Contra
776 2789 891 2870 prioris
909 2785 1018 2848 decreti
1048 2789 1086 2848 de

138 2875 272 2934 Nausicle
294 2875 487 2934 coronando
479 2896 541 2977 ipse
565 2875 667 2935 Callias
688 2887 787 2934 auctor
808 2873 898 2934 lactus
920 2875 973 2951 sit,
1003 2873 1087 2956 quod

142 2976 232 3045 quum
260 2963 368 3021 senatui
394 2963 609 3044 proposuisset,
642 2983 677 3020 ne
700 2953 949 3040 ἀπροβούλευτον
970 2957 1008 3018 ad
1029 2982 1087 3042 po-

140 3048 242 3130 pulum
263 3046 432 3122 referretur,
460 3064 572 3107 senatus
598 3048 653 3107 hoc
679 3046 808 3129 probans
836 3045 919 3104 simul
947 3043 1021 3104 illud
1047 3045 1086 3105 de

140 3133 311 3194 Charidcmo
344 3148 374 3192 et
400 3135 528 3224 Diotimo
558 3133 709 3193 ferendum
737 3132 887 3191 censuerit
929 3131 977 3190 De
998 3133 1088 3192 utris-
1126 3142 1129 3146 ’

141 3243 200 3302 que
229 3235 289 3279 tum
317 3241 373 3279 una
402 3221 431 3278 io
451 3218 596 3280 concione
628 3234 737 3294 actum,
759 3217 811 3276 sed
832 3239 848 3276 a
869 3217 982 3299 populo
1002 3219 1086 3299 prius

116 3304 319 3367 ‘solummodo
352 3308 545 3366 confirmatum
573 3307 624 3381 sit,
657 3304 742 3388 qnod
769 3303 916 3365 Nausicles
942 3317 1004 3363 tum
1028 3305 1085 3364 iam

139 3415 241 3453 munus
264 3392 451 3475 deposuerat,
480 3391 557 3451 haud
579 3391 668 3451 dubie
688 3391 812 3451 rationes
834 3411 955 3472 quoque
975 3391 1086 3473 retule-

137 3496 189 3540 rat.
235 3478 422 3543 Charidemus
449 3495 479 3540 et
499 3478 644 3538 Diotimus
672 3491 770 3538 sonna
792 3476 914 3537 tertium
940 3491 1002 3541 tum
1022 3477 1086 3560 pri·

139 3589 217 3625 mum
238 3568 363 3647 suseepti
384 3566 508 3627 muneris
529 3585 655 3625 mensem
675 3562 813 3646 agebant,
834 3560 1084 3629 Boedromionem.

140 3655 235 3729 Quam
256 3652 295 3712 ob
317 3674 377 3711 rem
399 3651 484 3735 quod
512 3651 549 3711 de
575 3652 619 3711 his
645 3670 767 3734 quoque
795 3647 965 3710 coronandis
985 3663 1085 3732 pryta-

139 3761 190 3798 nes
218 3753 357 3819 rogarunt
383 3740 551 3799 auctoritate
581 3752 712 3811 senatus,
746 3734 778 3797 id
807 3734 927 3817 quidem
951 3735 1034 3796 simul
1067 3756 1084 3794 a

140 3826 230 3884 Callia
252 3827 443 3906 conscriptum
465 3840 525 3901 est,
548 3823 675 3889 nondum
694 3835 788 3884 tameo
808 3842 825 3880 a
845 3823 958 3903 populo
978 3821 1086 3883 confir·

139 3927 254 3986 matum,
276 3909 329 3969 sed
350 3912 508 3992 repositum
529 3926 588 3986 est,
619 3925 654 3971 ut
674 3909 808 3991 deposito
830 3907 946 3969 demum
966 3927 1085 3968 munere
1116 3939 1132 3983 ῃ

141 4014 171 4058 et
193 3997 288 4058 relatis
308 3997 477 4057 rationibus
498 3995 723 4058 confirmandum
742 3993 855 4078 populo
885 3992 982 4055 denuo
1010 4014 1086 4076 pro·
1093 4037 1099 4045 x
1122 3988 1131 4046 ἶ

141 4099 316 4168 poneretur:
343 4080 422 4143 unde.
447 4083 489 4144 illi
514 4083 733 4170 praescriptum
748 4095 809 4151 este
834 4074 943 4168 νιιιομῃ
969 4075 1068 4160 βονλῖ
1047 4099 1087 4162 τις

791 4186 838 4255 2⁰
1091 4181 1094 4186 .
