2594 4672
596 262 751 372 Α
780 325 785 343 .

155 427 293 507 iaciunt,
315 427 492 518 pusteriori
515 425 650 497 demum
679 427 722 497 ed
752 428 900 522 suffragia
932 429 1000 497 itur
1024 436 1067 512 (v.
1089 440 1198 522 supra'

117 525 119 528 ’
153 556 188 624 p.
210 538 277 621 97),
301 529 484 624 eodemque
506 557 568 624 pax
591 531 783 600 decernitur
804 534 918 620 (Dem.
938 561 973 603 τι.
994 522 1133 622 παραπρ.
1154 560 1190 628 p.

153 633 230 724 35'9.
273 635 394 701 Aesch.
416 662 448 703 τι.
471 638 609 724 cupane.
632 663 666 728 p.
686 637 746 706 36.
770 638 807 703 in
822 637 908 707 Ctes·
922 636 977 722 64)
995 636 1095 705 simul
1113 663 1190 711 cum

152 738 289 806 foedere
308 744 348 822 (v.
371 762 470 830 supra
492 764 526 829 p.
550 744 613 830 78),
637 732 675 808 et
699 741 936 808 iureiurando
964 741 1188 817 confirmatur.

150 843 329 910 Posteriori
350 842 414 908 hoe
435 840 572 910 fortasse
600 843 656 911 die
685 844 785 936 legati
815 847 914 913 etiam
936 852 1106 927 creantur,
1128 872 1189 938 pa-

151 951 198 1014 cis
227 949 278 1014 ius
307 944 487 1012 iurandum
515 971 534 1011 a
561 946 717 1041 Philippo
752 949 905 1017 exacturi.
957 947 1068 1014 Creati
1096 951 1187 1016 enim

149 1050 335 1118 secundum
380 1050 582 1123 Aeschinem
627 1069 721 1118 erant
765 1053 832 1117 iam
879 1071 955 1134 ante
998 1051 1186 1143 Elapheb0÷

147 1155 248 1223 lionis
279 1152 395 1220 XXIII
424 1149 576 1239 (ἑβδόμην
604 1157 724 1242 phin),
756 1179 823 1245 quo
846 1154 919 1237 die,
943 1157 1087 1223 comitiis
1110 1175 1185 1223 ante

148 1259 279 1336 habitis,
301 1255 552 1323 Atheniensium
574 1255 824 1349 socii-Philippi
851 1256 964 1348 legetis
992 1260 1043 1325 ius
1072 1261 1187 1327 iuran-

149 1362 232 1427 dum
243 1360 416 1445 dederunt.
460 1359 578 1426 Aesch.
595 1389 628 1428 π.
646 1386 785 1449 cupane.
803 1387 835 1452 p.
849 1363 892 1450 39
910 1363 956 1427 in.
971 1361 1021 1427 Cf.
1033 1387 1133 1454 supra
1151 1394 1182 1453 p.

153 1489 213 1533 100
225 1490 272 1556 sq.
285 1465 401 1557 ibique
412 1482 480 1530 not.
494 1481 602 1531 etnot.
614 1487 687 1555 sup.
735 1464 803 1531 Sed
821 1482 1069 1533 commorantur
1079 1467 1183 1533 Athe-

148 1570 324 1660 nisusque
347 1566 390 1633 ad
405 1567 671 1659 Munychionem
692 1568 753 1649 III,
776 1592 843 1659 quo
866 1566 922 1634 die
944 1570 1183 1649 Demosthenes
1215 1624 1217 1629 .

146 1688 275 1739 senatus
311 1671 500 1740 consultum
536 1670 662 1765 perfert
694 1670 736 1737 de
770 1670 966 1738 maturanda
999 1673 1184 1766 legatorum

145 1777 361 1867 profectione.
407 1776 458 1842 cf.
482 1800 637 1870 suprap.
659 1797 713 1864 90.

232 1881 304 1947 Hoc
326 1898 456 1950 senatus
479 1877 667 1949 consultum
695 1897 783 1947 certe
812 1879 848 1946 id
871 1898 934 1961 est,
958 1877 1001 1946 de
1025 1904 1091 1972 quo
1115 1882 1182 1949 De*

139 1981 371 2052 mosthencs
361 2009 397 2050 ιιι
426 2008 474 2051 or.
498 1983 628 2050 decor
651 2008 686 2076 p.
710 1986 815 2052 233
800 1984 858 2070 εγὼ
883 1985 942 2069 μὲν
970 1987 1090 2067 τοίνυν,
1094 1987 1179 2069 ait,

112 2145 114 2150 .
142 2090 266 2176 ἔγραψα
286 2087 484 2172 βουλεύων
513 2087 663 2154 ἀποπλεῖν
688 2115 747 2174 την
773 2091 922 2174 ταχίστην
943 2087 1016 2166 τους
1037 2091 1180 2177 πρέσβεις

141 2196 190 2260 tat
204 2219 277 2270 τους
288 2217 403 2268 τιαοος
424 2188 524 2267 ένοις
545 2189 584 2256 ἂν
605 2190 681 2257 ὄντα
702 2190 758 2257 τὸν
783 2195 937 2258 Φίλιππον
958 2193 1179 2263 πυνθάνωνται

140 2301 192 2363 καὶ
222 2296 296 2371 τοὺς
325 2295 436 2382 ὅρκους
455 2284 706 2376 ἀπολαμβάνειν,
729 2294 824 2359 etde
847 2319 914 2384 quo
937 2312 1009 2360 tum
1032 2298 1074 2361 ud
1095 2301 1178 2363 scri-

111 2442 114 2447 ·
140 2402 234 2467 bam:
259 2401 325 2484 λέγε
346 2400 450 2464 τοίνυν
469 2422 529 2480 μοι
545 2396 581 2461 τὸ
604 2396 755 2484 ψήφισμα
777 2400 862 2463 τουτὶ
884 2397 990 2480 λαβών
1011 2400 1058 2491 (p.
1087 2402 1176 2489 235).

140 2504 208 2571 Sed
242 2502 334 2594 quod
365 2519 438 2568 tum
466 2502 503 2565 in
529 2522 577 2566 or.
609 2498 650 2565 de
673 2524 741 2585 cor.
770 2503 921 2592 sequitur
949 2500 1121 2568 decretum
1144 2522 1176 2571 et

139 2609 230 2700 quod
253 2606 296 2672 ad
316 2630 368 2672 res
391 2605 508 2671 attinet
529 2620 563 2670 ct
584 2603 677 2695 quod
698 2602 741 2668 sd
763 2621 911 2697 tempora
933 2605 974 2670 ab
997 2603 1054 2671 illo
1077 2631 1175 2698 pror.

137 2736 192 2778 sus
214 2711 379 2778 abhorret.
423 2707 512 2774 Illud
534 2709 625 2772 enim
645 2725 778 2776 senatus
800 2709 989 2787 consultum
1011 2710 1090 2794 fuit3
1114 2710 1175 2777 de-

136 2834 263 2898 cretum
285 2816 469 2880 insiticium
489 2811 728 2906 populiscitum
750 2830 814 2880 est:
843 2813 994 2899 δεδόχθαι
1015 2822 1054 2904 τῇ
1075 2822 1174 2906 βουλῇ

134 2924 252 3009 καὶτῷ
275 2918 379 3008 δήμῳ·
401 2916 486 2982 illdd
509 2916 613 2983 Iat'um
635 2936 682 2986 est
706 2918 934 3008 Munychione
952 2919 1013 3000 III,
1036 2920 1100 2985 hoc
1123 2918 1174 2984 ul-

135 3024 216 3091 timo
251 3021 555 3104 Hecatomhaeone3
591 3021 656 3088 hoc
691 3020 862 3087 decretum
897 3039 946 3087 est
981 3020 1023 3086 de
1058 3021 1171 3111 Ieg'atis

134 3127 303 3194 creandis:
337 3125 487 3208 δεδόχθαι
515 3131 554 3214 τῇ
582 3122 695 3213 βουλῇ
712 3126 763 3190 καλ
790 3131 835 3214 τῷ
869 3123 958 3214 δήμῳ
990 3127 1170 3214 πρέσβεις

132 3231 315 3311 ἑλέσθαι,
347 3254 387 3296 ex
420 3252 526 3320 eoque
547 3227 646 3321 legati
670 3229 707 3294 in
729 3251 767 3293 es
788 3229 859 3319 ipsa
882 3230 1043 3297 concione
1066 3234 1169 3299 creati

117 3352 224 3402 ‘suntz
247 3328 391 3421 πρέσβεις
410 3331 588 3422 ᾑρέθησαν·
611 3330 696 3397 illud
708 3329 813 3397 latum
835 3351 906 3399 erat
920 3333 961 3399 de
973 3335 1169 3403 maturanda

130 3438 317 3529 legatorum
339 3436 561 3530 profectione,
590 3437 650 3527 qui
678 3438 778 3503 creati
806 3439 874 3503 iam
896 3461 1008 3504 mense
1029 3463 1168 3533 praece-

130 3536 223 3611 denti
247 3565 356 3626 erant3
379 3537 467 3607 illud
488 3538 611 3632 legatos
633 3541 769 3607 iubebat
783 3541 903 3609 ἀπιίνοι
924 3541 983 3628 τὴν
1003 3548 1164 3637 ταχίστην,

125 3647 184 3714 τὸν
204 3650 238 3714 δὲ
254 3644 436 3734 στρατηγὸν
455 3645 618 3732 Πρόξενον
645 3647 778 3729 κομίζειν
804 3646 994 3723 αὖοοὺςίπλ
1009 3648 1089 3726 ,τοὺς
1111 3647 1167 3714 τό-

125 3777 205 3830 πους
226 3754 259 3819 ἓν
280 3749 327 3828 οἷς
347 3748 388 3815 ἂν
408 3748 484 3815 ὄντα
509 3752 663 3829 Φίλιππον
688 3749 884 3836 πυνθάνηται
907 3751 1018 3840 (Dem.
1044 3780 1078 3819 νι.
1101 3777 1165 3819 ιτα-

125 3882 220 3945 ρανιρ.
243 3881 278 3948 p.
302 3857 376 3942 389
400 3851 440 3920 cf.
470 3877 573 3945 supra
599 3877 635 3945 p.
662 3876 705 3944 90
732 3855 808 3945 sup).
851 3855 967 3947 anue
993 3857 1165 3949 scripsisse

114 3940 160 4027 ⁸se
182 3957 423 4026 Demosthenes
450 3957 495 4022 nit
515 3957 551 4040 (1.
574 3962 620 4046 e.)
649 3956 753 4040 ὥσπερ
776 3965 830 4027 νῦν
857 3960 947 4046 λίνω,
971 3969 1037 4038 τοῖς
1058 3961 1161 4049 ῥημα-

122 4089 175 4133 σιν
194 4063 295 4140 οὕτως
314 4058 474 4150 ἄντικρυς·
504 4078 605 4153 atque
625 4059 796 4131 simillime
821 4063 861 4181 in
881 4086 938 4135 cr.
959 4060 1003 4131 ds
1035 4088 1103 4135 cor.
1125 4087 1161 4158 p.
1186 4152 1189 4157 Ι
