2594 4672
513 300 670 413 aa..
765 397 781 411 a

67 471 106 539 in
137 466 397 540 abominabilem
432 469 526 539 illam
563 467 790 546 conditionem
825 469 999 538 detrusum
1028 470 1110 540 dicit

68 573 310 644 Demosthenes
330 571 418 652 Phil,
441 574 504 644 111.
525 600 560 668 p.
587 598 666 666 127,
694 565 800 642 aut'si
822 573 899 645 dolo
922 575 1035 668 aliquo
1057 580 1109 643 usi
1143 645 1146 649 ,

68 696 148 749 sunt
168 674 321 746 adversus
343 701 416 761 eos,
447 680 507 772 qui
539 697 613 746 tum
634 703 798 747 summam
823 700 937 746 rerum
957 677 1110 749 Eretriae

33 776 34 779 ¹
69 783 220 880 Oreique
256 783 422 850 tenebant.
488 783 533 851 Et
570 781 727 851 adiuvare
758 784 980 878 posteriorem
1022 782 1109 850 hane

68 876 270 978 sententiam
299 884 545 980 quodammodo
577 885 760 955 Aeschines
779 885 944 968 ridetur,
980 888 1040 977 qui
1068 886 1111 953 ad

67 992 282 1071 Eretrienses¹
297 992 415 1063 missos
436 989 560 1082 legatos
582 990 841 1059 Atheniensium
862 988 961 1074 dicit,
984 988 1035 1056 nil
1056 1015 1111 1060 ro-

68 1114 202 1191 gaturos
236 1095 318 1174 nisi,
350 1109 389 1161 ut
420 1096 503 1186 quin
529 1085 571 1162 ue
604 1096 808 1165 tributorum
837 1091 960 1163 talenta
985 1095 1022 1159 in
1048 1108 1112 1188 po-

67 1217 195 1269 sterum
218 1195 415 1264 Chalcidem
437 1121 660 1284 continent„
678 1196 722 1265 ad
743 1198 856 1266 Oritas
888 1215 1000 1266 tamen
1027 1198 1109 1268 alios

69 1320 242 1396 rogaturos
264 1301 382 1383 ctiam,
403 1318 442 1369 ut
463 1302 610 1369 eundem
631 1301 749 1385 Oritae
776 1303 907 1370 hostem
927 1303 1111 1371 amicumve

70 1408 297 1487 aestimarent,
331 1428 433 1498 quern
463 1405 695 1474 Athenienses.
743 1406 988 1492 Eretriensium
1013 1402 1111 1476 ¹enirn

71 1509 262 1581 Clitarchus
294 1509 364 1577 iam
400 1527 475 1579 tum
505 1527 666 1604 tyrannus
697 1508 883 1578 secundum
909 1509 1118 1606 Aeschinem
1226 1583 1229 1591 ,

68 1617 150 1698 suit,
181 1617 310 1709 quippe
340 1613 401 1706 qui
429 1613 691 1683 Demosthenem
719 1639 739 1680 a
761 1611 929 1683 Clitarcho
956 1637 1020 1707 pro
1041 1613 1112 1684 foe-

70 1719 151 1788 dere
180 1720 242 1788 isto
271 1720 372 1798 unius
407 1716 522 1791 clenti
559 1717 688 1807 donum
720 1720 885 1813 accepisse
921 1717 1110 1803 insimulet,

69 1823 163 1892 idem
194 1846 272 1892 vero
301 1822 415 1895 Oritas
443 1823 754 1911 δημοκρατουμένους
786 1821 950 1915 appellat,
983 1823 1111 1915 quippe

71 1927 162 2024 apud
176 1991 178 1995 ,
194 1949 277 2022 quos
306 1944 341 1996 et
365 1925 549 1996 admodum
582 1925 692 1996 brevis
729 1925 924 1994 Philistinae
962 1927 1111 2019 tyrannia
1168 1951 1169 1954 ’

69 2033 191 2117 suerit,
214 2054 320 2125 eaque
341 2032 480 2099 omnino
506 2053 551 2098 ne
578 2030 693 2099 sedem
721 2028 868 2125 quidem·
886 2031 1019 2116 firmam
1045 2031 1127 2098 sibi

71 2138 280 2231 comparasse
308 2132 477 2218 videatur,
506 2159 612 2226 quum
641 2136 885 2219 Eretriensium
912 2133 1113 2204 dominatio·

68 2263 152 2317 nem
170 2235 361 2306 Clitarchus
384 2261 424 2307 ex
445 2236 593 2330 longiori
614 2240 683 2305 iam
704 2257 855 2332 tempore
879 2241 945 2307 sibi
966 2263 1113 2308 asserue-
1191 2258 1194 2262 ·

71 2345 127 2411 rit
173 2343 289 2434 Itaque
311 2364 390 2434 erga
411 2339 618 2422 Clitarchum
630 2341 851 2410 Athenienses
874 2345 1019 2410 amicum
1041 2345 1114 2410 aui-

71 2472 167 2514 mum
188 2444 398 2527 simulabant,
421 2463 460 2512 ut
469 2442 680 2514 Philistidem
697 2432 847 2539 primum
870 2453 948 2514 cum
969 2446 1112 2551 factione

69 2550 264 2642 Philippica
293 2571 331 2618 eo
357 2547 488 2617 facilius
511 2549 603 2617 Oreo
634 2568 771 2640 possent
792 2548 968 2643 depellere.
1012 2552 1114 2618 Libe-

70 2656 152 2723 ratis
184 2672 294 2738 tamen
334 2654 440 2722 Oritis
477 2656 591 2748 ipsum
630 2654 731 2721 etiam
763 2652 971 2723 Clitarchum
1003 2656 1113 2723 adortl
1208 2665 1210 2671 “

70 2776 158 2830 sunt
204 2757 317 2850 thue
339 2783 378 2853 eo
401 2760 524 2827 certius
546 2759 672 2826 animos
694 2758 765 2826 sihi
781 2776 814 2827 et
824 2758 928 2850 fidem
940 2761 1114 2828 Eretrien-

72 2867 160 2932 sium
191 2862 431 2956 Oritarumque
466 2862 700 2946 conciliarent,
738 2863 966 2946 Euboicarum
1001 2866 1114 2932 civita-

72 2970 159 3036 tium
181 2965 363 3035 concilium
392 2965 590 3041 Chalcidem
619 2967 874 3060 congregabant,
897 2991 940 3034 ne
962 2968 991 3034 si
1009 2967 1114 3034 Athe-

72 3096 132 3139 nas
154 3072 280 3138 tributa
300 3067 488 3162 persolvere
518 3076 726 3156 tenerentur,
749 3072 881 3162 gravior
902 3073 948 3137 eis
970 3089 1005 3138 et
1024 3073 1114 3163 peri-

72 3175 186 3245 culosa
208 3174 465 3242 Atheniensium
492 3175 628 3241 societas
660 3172 839 3242 videretur.
883 3174 997 3266 Atque
1026 3177 1112 3244 iusto

72 3279 207 3350 foedere
224 3287 301 3345 cuni
313 3277 421 3346 Oritis
433 3279 582 3370 primum
596 3277 694 3358 facto,
715 3277 769 3344 his
783 3280 883 3344 etiam
903 3280 1014 3370 prima
1035 3281 1112 3348 suh-

71 3384 160 3454 sidia
181 3384 298 3464 missa,
318 3404 382 3474 per
408 3405 512 3475 eaque
542 3380 690 3448 liberatis
723 3382 830 3450 Oritis
859 3383 963 3450 altera
990 3382 1114 3450 deinde

72 3490 240 3557 Eretriam
269 3485 435 3578 expeditio
465 3484 508 3551 ad
536 3482 736 3552 eliciendum
768 3484 975 3553 Clitarchum
1005 3511 1115 3554 susce-

70 3610 131 3687 pta
151 3589 283 3670 videtur
305 3614 384 3682 esse.
431 3591 478 3657 lta
502 3589 872 3657 enim'Demosthenes:
902 3587 968 3658 elsa
990 3592 1047 3678 τὴν
1068 3590 1114 3660 ἐπ’
1196 3584 1199 3589 ’
1245 3671 1251 3679 ¹

68 3694 183 3799 sgppedv
212 3685 325 3774 ἴξοδον
352 3732 396 3747 --
423 3697 474 3761 καὶ
501 3693 558 3792 via
588 3696 630 3771 οῖς
658 3694 827 3782 Ἐρετρίοιν.
852 3733 892 3744 -
919 3696 1031 3786 Atque
1053 3686 1139 3786 Po·-

74 3819 196 3871 anema
216 3798 306 3869 haec,
327 3799 461 3864 stabunt
483 3799 583 3882 etiam
603 3801 630 3864 si
655 3795 911 3890 Olymp.,ClX,
941 3823 960 3864 ο
984 3798 1115 3867 Αηιὶιοέ

75 3881 221 3973 sterione
242 3891 501 3973 menselactum
524 3915 573 3968 est
601 3899 718 3970 foedus
741 3925 817 3970 cum
839 3902 1025 3972 civitatibus
1047 3903 1116 3967 Eu·
1203 3915 1205 3918 ’
1235 3880 1238 3887 ’

75 4007 197 4092 boicis3
228 4023 403 4096 ceteraque
431 4006 511 4072 item
546 4004 722 4074 commode
756 4000 793 4073 in
823 4005 979 4075 ordinem
1007 4001 1117 4097 redigi
1201 4076 1220 4087 υ

77 4127 245 4202 poterunt.
303 4109 432 4180 Potitus
463 4110 553 4179 enim
583 4116 802 4203 eo'tempore
816 4192 819 4198 Ι
833 4106 1014 4199 ΟΙίιιοοΙιι·
1148 4112 1151 4119 ’
