2594 4672
67 426 71 432 ¹
102 454 103 459 ’
192 432 281 510 dem.
296 463 331 533 p.
352 458 398 529 99
419 436 502 506 duos
525 435 722 533 Philippum
743 440 781 507 in
799 428 934 506 Euhoetl
957 437 1166 535 constituisse
1188 457 1243 534 ty·

196 563 318 625 rennos
340 541 434 626 dicit,
457 543 633 611 alternme
653 544 792 638 regione
801 542 931 610 Atticae
943 543 1242 629 communicatem,

197 650 234 716 id
263 661 312 716 est
332 647 500 730 Eretriae,
527 646 684 729 alterum,
708 645 801 741 quod
828 643 1085 715 memorandum
1112 664 1171 729 est,
1202 650 1244 716 in

197 750 378 820 Sciatho.
410 750 492 818 ¹Sed
506 754 673 845 posterior
693 751 750 818 hic
778 751 931 842 quisnam
952 749 1022 817 eit?
1045 743 1174 846 *Nonne
1195 749 1244 819 ad

198 857 328 931 Oreum
356 853 570 923 referendus?
610 838 788 922 Manifesto
826 853 868 920 de
904 852 1081 946 Philistide
1117 857 1243 948 cogitat

105 966 107 971 ’
142 1000 148 1015 ·
197 979 327 1041 orator,
361 961 422 1050 qui
445 978 509 1040 aut,
540 961 567 1025 si
598 975 735 1050 captum
756 959 822 1026 iam
845 975 916 1025 tum
939 958 1070 1026 Oreum
1092 975 1179 1042 erat,
1203 962 1242 1028 in

196 1063 307 1132 insula
343 1061 401 1130 illa
436 1086 579 1155 superne
601 1063 662 1128 sita
688 1062 820 1129 firmam
852 1063 918 1129 sibi
951 1061 1065 1133 sedem
1097 1065 1242 1156 paravit,

197 1166 291 1261 quod
313 1167 379 1234 sibi
402 1165 485 1234 Orci
508 1163 661 1232 nondum
682 1167 758 1234 satis
782 1181 869 1263 tutus
882 1165 1057 1235 videbatur
1078 1190 1159 1249 esse,
1183 1184 1243 1238 aut

130 1331 133 1339 .
196 1274 225 1339 si
258 1269 411 1339 nondum
439 1263 625 1362 expugnata
654 1270 734 1338 urbs
765 1285 852 1352 erat,
881 1271 994 1337 accitis
1026 1295 1046 1336 a
1075 1270 1279 1366 Philippo·-

194 1375 411 1442 mercenariis
447 1373 517 1460 illic
551 1397 621 1440 sese
655 1375 890 1459 communivit,
920 1373 1032 1441 Oritas
1056 1373 1141 1441 'inde
1174 1376 1243 1444 im-

132 1473 136 1480 ’
193 1497 402 1574 pugnaturus
408 1495 430 1561 ‚'
462 1479 499 1543 id
535 1475 628 1571 quod
662 1500 701 1545 eo
734 1478 842 1570 possit
874 1477 1085 1546 verisimilius
1115 1477 1240 1565 videri,

155 1631 165 1644 ..
196 1582 289 1677 quod
310 1608 344 1677 p.
372 1582 432 1668 ¹⁰4
453 1583 674 1649 mercenarios
702 1581 855 1675 Philippi
884 1606 954 1651 non
983 1581 1083 1663 Orci,
1113 1583 1242 1653 sedin
1287 1663 1289 1667 ¹

195 1681 335 1756 Oritana
355 1688 493 1778 regione
515 1686 636 1753 versari
659 1686 898 1753 Demosthenes
920 1685 1021 1777 dicit:
1048 1689 1160 1766 ἐκεῖνος
1180 1689 1241 1774 μέν
1267 1696 1268 1701 ’

192 1792 253 1880 γὰρ
285 1789 322 1857 οὗ
352 1797 495 1876 πολεμεῖν
523 1787 598 1875 ἦμΐν
630 1787 750 1880 [paci]
786 1789 885 1877 ὥςπερ
913 1780 979 1856 oid'
997 1789 1153 1878 Ὠρείταις
1173 1798 1240 1860 τῶν

187 1894 394 1984 ‘repoenitere
416 1893 514 1967 ὄντων
536 1895 571 1973 ἓν
589 1899 628 1981 τῇ
645 1893 774 1983 χώρᾳ,
796 1895 959 1960 nimirum
975 1891 1018 1965 ad
1033 1895 1153 1962 urbem
1175 1919 1241 1990 op·

174 1995 417 2092 pugnandam.
439 2035 483 2050 -
505 1996 577 2063 Iam
603 1997 640 2061 in
669 2011 750 2063 orat.
779 1995 929 2090 Philipp.
952 1996 1011 2076 Ill,
1032 2014 1068 2090 p.
1099 2000 1157 2066 113
1179 2023 1238 2067 re·

194 2101 382 2177 certissime
422 2099 547 2181 Oritis,
587 2098 829 2167 Demosthenes
862 2103 923 2180 ait,
958 2100 1135 2196 Philippus
1167 2104 1236 2171 im-

94 2236 95 2240 *
192 2205 526 2273 misit'mercenarios
548 2203 616 2270 κατ’
639 2205 775 2272 εὔνοιαν·
798 2204 1017 2272 πυνθάνεσθαι
1037 2205 1099 2295 γὰρ
1122 2205 1237 2286 advehe

192 2307 237 2389 ὥς
257 2315 384 2379 νοσοῦσι
405 2312 456 2376 καὶ
478 2302 696 2390 στασιάζοοσον
717 2311 749 2376 ἒν
770 2306 893 2392 αὑτοῖς,
916 2309 1088 2395 συμμάχων
1109 2313 1136 2378 δ’
1159 2308 1240 2381 εἶναι

181 2410 244 2486 ,ναὶ
265 2417 366 2506 φίλων
387 2413 547 2500 ἀληθινῶν
568 2415 601 2481 ἐν
621 2423 688 2492 τοῖς
709 2413 862 2490 τοιούτοις
882 2423 1002 2503 καιροῖς
1022 2425 1176 2504 παρεῖναι,
1199 2442 1237 2512 p.

197 2543 268 2613 ¹¹7·
290 2520 440 2612 tyrannis
462 2517 586 2603 servire
607 2518 677 2585 iam
697 2517 797 2614 nrbes
809 2518 975 2585 Euboicas
991 2516 1090 2603 dicit3
1112 2544 1147 2615 p.
1175 2540 1238 2612 ¹¹9

108 2678 110 2681 .
140 2618 144 2624 ’
191 2616 325 2692 mittere
353 2623 577 2697 mercenarios
605 2619 805 2717 Philippum
841 2620 926 2690 dicit
959 2621 1158 2692 Porthmum
1192 2622 1239 2692 ad

140 2752 144 2761 ·
193 2723 592 2819 eiiciendumpopulum
612 2726 857 2809 Eretriensem,
892 2725 1098 2820 Oreumque,
1121 2743 1239 2821 tyran-

56 2825 60 2833 ”
100 2886 101 2889 ,
191 2821 278 2898 num
306 2826 521 2896 Philistidem
554 2832 835 2914 communitnros3
873 2856 907 2924 p.
952 2833 1012 2926 rai
1052 2855 1102 2926 sq.
1153 2834 1238 2902 Por-

194 2934 325 3001 thmum
348 2929 496 3002 dirutum
516 2932 618 3001 relert
632 2949 665 3000 et
682 2932 891 3002 Clitarchum
904 2935 1054 3004 Eretriae
1072 2938 1237 3006 constitu-

192 3055 283 3125 tum3
320 3037 373 3106 bis
402 3037 582 3106 rebellasse
614 3037 838 3134 Eretrienses,
868 3040 922 3108 bis
955 3041 1050 3109 novis
1079 3039 1237 3136 Philippi

193 3142 352 3211 subsidiis
373 3141 541 3238 repulsos3
570 3161 793 3237 expugnatum
819 3145 889 3212 iam
919 3145 1019 3213 etiam
1048 3144 1181 3213 Oreum
1202 3158 1238 3216 et

157 3303 158 3306 ,
193 3247 345 3317 subactos
373 3247 437 3315 suh
465 3248 682 3342 tyrannidem
712 3249 814 3335 cives3
844 3247 994 3346 deniqne
1014 3273 1050 3341 p.
1077 3251 1137 3318 128
1159 3271 1239 3343 pes-

193 3351 278 3418 sime
298 3350 477 3444 tyrannide
505 3351 638 3421 affectos
662 3353 869 3421 Eretrienses
898 3369 932 3421 et
960 3352 1072 3421 Oritas
1099 3353 1238 3422 misera·

193 3473 264 3522 tur:
289 3454 472 3525 dcoieaiovot
489 3481 522 3544 γε
543 3455 782 3544 μαστιγούμενοι
803 3460 854 3525 καὶ
875 3455 1124 3547 στρεβλούμενοι.

281 3559 324 3626 ln
353 3558 413 3626 tali
442 3569 522 3628 vcro
552 3583 667 3627 rerum
693 3577 780 3628 statu
799 3561 1018 3630 Athenienses
1041 3561 1236 3655 quomodo

169 3660 271 3731 'cum
300 3663 548 3731 Eretriensihus
579 3663 754 3757 Oritisqne
785 3664 903 3736 foedus
935 3668 1023 3734 inire
1050 3667 1235 3759 potuerint,

193 3769 347 3861 utrisque
367 3766 553 3867 tyrannide,
567 3770 709 3861 pressis,
732 3786 765 3837 et
785 3770 851 3863 ipsi
872 3769 1012 3862 quidem
1032 3768 1236 3871 legationem

192 3876 240 3940 in·
252 3872 425 3940 Euboeam
444 3871 601 3939 mittere?
623 3873 809 3941 Potuerunt
819 3897 909 3958 sane,
932 3877 961 3944 si
977 3894 1035 3944 aut
1055 3873 1144 3943 clam
1158 3900 1237 3970 aga-

191 3977 276 4045 hant
299 3995 380 4046 'cum
407 3975 656 4044 Eretriensium‘
680 3977 920 4073 Oritarnmqne
949 3977 1098 4076 populo,
1131 4003 1236 4073 quem

190 4093 262 4155 non
284 4089 352 4155 mn
372 4081 511 4178 propria
533 4078 712 4166 voluntate,
744 4106 846 4177 quam
868 4081 1033 4153 intestinis
1057 4080 1235 4153 discordiis
