2594 4672
614 241 767 350 Q

172 415 231 485 des
264 415 361 484 docet
382 415 430 505 (p.
453 422 547 505 279),
582 434 622 479 ex
651 436 719 505 quo
743 414 781 480 'et
810 412 922 482 addito
951 409 1216 482 Anthesterione

174 521 256 591 XVI
286 519 493 596 definiuntur
517 517 656 600 Χρόνοι,
687 540 770 610 quos
802 518 935 585 recitari
968 518 1216 589 Demosthenes

171 628 270 708 iubet,
292 642 329 692 ut
342 623 468 702 doceat,
492 645 558 715 quo
581 639 741 710 tempore,
763 621 828 687 hoc
851 638 900 688 est
922 615 988 712 quo
1009 645 1099 690 anno
1118 646 1217 689 men·

171 755 273 823 seque
302 728 483 795 Aeschines
510 724 686 816 Pylagoras
724 742 851 792 creatus
877 715 1019 791 ⁴bellum
1056 723 1215 795 adversus

170 834 425 928 Amphissenses
447 828 768 920 Amphictyonioum
790 829 971 896 concitarit.
1016 828 1060 896 V.
1083 854 1158 921 cap.
1172 831 1216 900 V.
1296 897 1297 920 χ

174 936 276 1024 Quod
291 1010 296 1020 ¹
313 960 419 1029 quum
449 956 613 1025 eponymo
651 930 882 1024 Theophrasto
918 931 1042 1012 factum
1071 935 1130 1014 sit,
1175 957 1214 1003 eo
1283 978 1286 983 ·

170 1045 246 1136 ipso
275 1041 386 1108 statim
413 1033 768 1134 refutatur-Dodwelli
797 1037 930 1128 opinio,
953 1038 1013 1128 qui
1036 1037 1214 1106 archontes

170 1148 235 1215 hos
256 1161 386 1217 senatus
408 1165 476 1209 esse
499 1142 652 1233 epistatas
682 1141 819 1222 censuit,
842 1143 923 1208 iten'r
944 1139 1103 1207 Palmerii
1128 1142 1214 1210 Cor-

152 1252 314 1343 'sinique,
329 1239 398 1339 'qui
420 1269 475 1312 eos
498 1244 763 1324 thesmosthetas,
786 1268 879 1336 reges
902 1262 961 1312 aut·
976 1244 1214 1336 polemarchos

169 1379 240 1424 esse
272 1353 404 1444 opinati
435 1367 529 1429 sunt,
567 1351 646 1416 actis
675 1350 912 1440 praescriptos,
942 1370 1012 1416 non
1041 1367 1081 1416 ut
1108 1375 1149 1417 ex
1172 1352 1213 1419 iis

171 1459 253 1529 anni
275 1455 537 1546 designarentur,
559 1452 618 1519 sed
640 1450 733 1544 quod
754 1453 882 1518 senatui
904 1467 937 1518 et
955 1454 1098 1520 comitiis
1113 1479 1213 1549 prae-

163 1563 334 1632 'sedissent
354 1560 407 1640 iis,
428 1559 464 1624 in
488 1557 609 1649 quibus
638 1574 727 1624 actae
758 1554 836 1622 illae
864 1580 916 1622 res
938 1555 1074 1624 suerint.
1122 1558 1213 1626 Sub·

169 1665 354 1736 sistendum
388 1664 492 1753 igitur
527 1663 562 1727 in
597 1685 666 1727 una
698 1661 741 1727 sit
775 1659 1000 1727 Schoemanni
1036 1663 1210 1755 opinione,

166 1773 233 1867 qui
254 1767 296 1837 ad
317 1764 537 1857 designandos
550 1765 690 1856 quidem
701 1786 803 1833 annos
815 1764 956 1832 decretis
978 1789 1033 1833 eos
1045 1769 1211 1858 praescri-

90 1915 93 1922 ·
168 1892 244 1970 ptos
279 1873 437 1953 coniecit,
483 1893 553 1937 non
590 1886 701 1934 tamen
737 1892 936 1959 eponymos,
978 1867 1038 1937 sed
1082 1895 1209 1963 epony·

165 2002 304 2049 morum
331 1987 515 2067 tamquam‘
530 1970 698 2058 suffectos,
729 1973 789 2062 qui
822 1972 982 2063 eponymi
1015 1976 1206 2068 magistratu

168 2083 401 2172 fungerentur,
435 2074 514 2141 dum
536 2072 593 2140 ille
616 2073 658 2140 ab
690 2072 952 2143 administrando
980 2101 1120 2145 munere
1144 2101 1201 2144 seu

168 2182 385 2273 morbo'sive
407 2179 472 2246 alia
493 2202 590 2245 causa
617 2176 797 2269 impeditus
826 2197 910 2246 esset
939 2177 997 2269 (de
1027 2180 1148 2249 Comit
1167 2206 1201 2273 p.

174 2291 235 2380 ¹37
258 2288 357 2381 sqq.).
403 2284 531 2369 Quibus
554 2300 665 2350 tamen
693 2281 780 2356 haec.
808 2283 908 2350 etiam
929 2285 1095 2352 sententia
1115 2285 1206 2353 labo-

167 2411 259 2463 raret
281 2387 542 2469 difficultatibus,
575 2387 648 2479 ipse
669 2388 747 2453 satis
769 2388 932 2456 sentiebat
953 2387 1206 2458 Schoemannus

169 2500 382 2589 ingenueque
409 2490 574 2585 professus
603 2507 662 2557 est
706 2490 907 2557 Incredibile
936 2494 1029 2564 enim
1058 2496 1209 2587 primum

169 2620 236 2685 est,
267 2625 308 2668 ex
336 2595 481 2666 suffectis
513 2596 583 2663 istis
611 2594 824 2664 archontibus
854 2619 957 2666 annos
986 2600 1127 2669 omnino
1150 2598 1207 2667 de-

167 2705 295 2800 signari
321 2701 486 2793 potuisse,
517 2716 574 2766 aut
602 2701 687 2765 mira
714 2722 792 2766 sanc
819 2701 1041 2803 inconstantia
1068 2719 1102 2770 et
1129 2728 1206 2797 per-

168 2810 359 2897 turbatione
381 2803 546 2885 laborasse
568 2802 666 2870 fastos
680 2804 808 2874 Atticos
822 2803 1027 2871 credendum
1049 2807 1102 2876 sit.
1147 2808 1205 2876 At-

140 2923 141 2928 ’
169 2937 237 3008 que
259 2911 316 2980 Ol.
341 2909 437 2991 cvl,
467 2931 487 2975 2
516 2924 573 2974 aut
594 2907 706 2990 CVII,
737 2932 756 2974 a
787 2906 924 3000 quidem
951 2926 1087 2998 praeter
1109 2907 1204 3013 qul.

125 3068 133 3084 .
166 3017 387 3086 listraturn
423 3011 766 3101 aut‘Thessalum
800 3013 860 3104 qui
894 3012 985 3080 fastis
1019 3016 1204 3108 consignati

104 3150 109 3160 ¹
167 3139 256 3205 sunt,
278 3142 386 3187 unum
407 3118 593 3211 reperimus
619 3111 932 3210 pseudeponyrnum
960 3117 1205 3209 Boedromionc

165 3249 282 3297 mense
314 3223 588 3291 Demonicum
624 3228 670 3314 (p.
693 3221 786 3304 265),
813 3222 894 3288 item
927 3218 985 3287 01.
1015 3212 1148 3307 cvm,
1174 3226 1206 3308 3,

165 3347 301 3427 praeter
336 3327 496 3416 fastorum
526 3348 731 3418 eponymum
762 3325 939 3407 Archiam,
963 3326 1206 3422 Mnesiphi·

96 3438 104 3525 J
165 3436 258 3505 lum
294 3455 410 3503 mense
442 3429 724 3521 Maemacterione
760 3437 806 3521 (p.
837 3430 930 3513 238)3
977 3428 1037 3499 01.
1062 3432 1140 3515 CX,
1172 3433 1203 3514 3,

164 3556 300 3635 praeter
319 3537 490 3604 fastorum⁴
507 3532 756 3614 Chaerondam,
786 3530 1101 3627 pseudeponymurn
1122 3537 1205 3603 Eu.

166 3645 211 3714 th
219 3641 359 3737 yclem-
391 3641 439 3732 (p.
471 3637 559 3726 266).
612 3639 657 3704 At
689 3638 783 3710 brevi
820 3661 859 3705 eo
897 3639 1001 3705 trium
1037 3663 1205 3709 annorum

165 3751 290 3841 spatio,
319 3743 411 3837 quod
428 3741 531 3808 'inter
563 3741 620 3807 Ol.
649 3741 746 3822 CIX,
777 3740 797 3826 4
827 3759 860 3808 ct
890 3743 967 3822 CX,
1000 3743 1205 3813 dinteroes·

166 3854 219 3934 sit,
241 3849 402 3917 undecim
422 3848 595 3916 archontes
619 3847 775 3938 eponymi
794 3844 1131 3944 pseudepouymiqne
1146 3874 1208 3918 nu.

167 3972 353 4024 merentur:
