2594 4672
611 222 676 282 tto

563 304 720 331 -q--u

122 394 182 484 qui
207 389 248 456 ad
271 385 367 453 Dem.
392 385 534 480 Olynth.
558 385 629 466 ΙΙΙ,
662 409 697 477 p.
729 404 772 474 29
800 381 986 462 adnotavit,
1015 381 1166 451 Maema-

49 532 53 538 ·
122 497 304 560 eterionem
327 515 477 587 mensem
497 487 678 556 hiemalem
699 510 779 555 esse.
821 483 936 555 Altera
953 508 1030 553 vero
1044 511 1164 555 manus

99 599 193 675 ¹eius
224 593 317 661 haud
350 592 452 660 dubie
479 590 679 660 homunculi
706 608 773 674 est,
806 591 868 683 qui
893 588 1140 683 plerumque
1130 614 1164 680 ιιιΙ

122 699 267 769 Scholiis
289 697 361 765 istis
384 696 579 764 alucinatur.
664 736 672 748 ι

209 803 282 894 Ego
304 824 382 868 vero
415 803 479 868 iste
500 800 636 868 uberius
657 815 850 892 persecutus
871 821 964 890 sum,
994 820 1039 864 ne
1068 796 1161 891 quid

120 905 212 972 unde
244 904 489 997 depravationis
517 903 692 996 explicatio
718 900 789 997 peti
818 904 939 996 possit,
967 905 1162 994 praetermi-

123 1013 204 1077 sisse
225 1008 412 1075 insimuler.
458 996 618 1077 Ceterum
639 1008 706 1100 ipsi
726 1009 831 1092 mihi,
846 1006 986 1100 Ulpiani
1005 1008 1078 1075 istis
1096 1020 1171 1076 mei

122 1112 344 1180 morabilibus
366 1136 436 1181 non
457 1130 587 1181 tantum
608 1111 779 1196 tribuenti,
802 1109 905 1193 aliud,
926 1110 1063 1178 fortasse
1085 1135 1165 1206 pro·

123 1216 281 1297 habilius,
304 1218 341 1283 in
370 1203 566 1310 opinionem
586 1234 729 1318 venerat
773 1217 923 1283 Potuisse
944 1218 1037 1282 enim
1057 1218 1167 1311 suspi

125 1322 224 1388 cahar
245 1319 394 1412 aliquem
414 1340 604 1415 temporum
632 1322 737 1388 iustae
762 1320 901 1388 rationis
922 1342 993 1387 uon
1014 1339 1171 1390 accurate

125 1449 267 1516 gnarum
287 1425 396 1491 verbis
418 1424 545 1492 decreti
574 1427 591 1492 Ι
619 1425 704 1503 ὃπως
738 1421 825 1511 tvi,
857 1423 962 1512 εἰρήνη
984 1425 1172 1517 ἐπιτελεσθῇ

123 1528 145 1616 ἦ
166 1532 471 1618 ’ἐπιχειροτονηθεῖσα
496 1531 539 1597 ἓν
558 1537 605 1620 τῇ
630 1528 762 1619 πρώτη
783 1529 968 1620 ἐκκλησίᾳ
989 1529 1027 1593 in
1048 1527 1168 1597 falsam

126 1631 289 1701 eiusmodi
312 1630 509 1726 opinionem
531 1631 656 1715 delabi,
687 1650 726 1699 ut
751 1633 948 1700 concionem
969 1629 1064 1698 illam
1087 1635 1169 1701 anni

125 1737 228 1804 fuisse
249 1739 396 1830 primam
417 1735 579 1820 crederet,
602 1761 709 1829 eoque
731 1734 937 1828 deceptusin
957 1735 1023 1803 hoc
1043 1739 1171 1830 primo,
1202 1816 1205 1822 k

127 1839 300 1934 alteroque
321 1839 470 1922 decreto,
492 1839 724 1922 Callisthenis,
753 1861 817 1933 pro
839 1864 896 1906 sua
915 1863 1030 1906 rerum
1052 1845 1171 1934 cogni-

127 1946 220 2012 tione
251 1963 401 2035 tempora
431 1944 640 2012 emendanda
668 1968 739 2011 esse
770 1960 937 2011 statueret
988 1946 1099 2030 Quem
1122 1965 1170 2014 ta·

126 2073 206 2114 men
227 2067 489 2143 praeterpunum
510 2046 606 2116 illum
629 2071 777 2115 errorem
798 2049 837 2114 in
858 2047 988 2141 duplici
1010 2046 1073 2115 alia
1094 2053 1173 2143 opi-

127 2152 232 2218 nione
254 2177 392 2220 erranea
412 2171 577 2222 versatum
599 2152 811 2220 statuendum
833 2170 898 2220 cst:
921 2151 1033 2235 altera,
1059 2155 1170 2221 unde·

129 2258 266 2338 cimum,
287 2258 481 2325 vicesimum
507 2282 548 2325 ac
575 2259 781 2326 tricesimum
807 2258 929 2324 mensis
951 2257 1042 2324 diem
1064 2261 1171 2326 comi-
1198 2254 1201 2259 ’

128 2359 244 2426 tialem
265 2360 384 2443 fuisse,
415 2387 517 2455 quam
544 2364 618 2456 ipse
648 2378 740 2429 tenet
760 2359 927 2453 Ulpianus
955 2363 998 2450 (v.
1030 2361 1171 2431 Schiim.

127 2463 171 2531 de
193 2466 305 2533 comit
334 2492 369 2560 p.
390 2465 466 2557 43),
489 2465 593 2534 altera
623 2466 706 2534 olim
734 2465 836 2532 etiam
857 2465 995 2558 vulgari,
1019 2467 1174 2535 Maema-

128 2570 313 2636 cterionem
333 2594 484 2638 mensem
504 2571 736 2665 Pyanepsione
763 2570 913 2662 priorem
942 2593 1030 2637 esse·
1068 2572 1175 2655 Quod

128 2673 156 2738 si
178 2688 358 2756 statuatur,
386 2675 516 2766 optime
540 2676 609 2743 iam
636 2697 728 2740 nunc
750 2675 924 2743 conveniet
950 2672 1175 2767 Taylorianus

127 2774 189 2840 ille
210 2774 376 2858 calculus,
407 2801 510 2870 quem
539 2802 640 2871 supra
662 2778 880 2871 exposuimus.
924 2779 1060 2846 Etenim
1080 2782 1175 2848 inter

129 2876 222 2944 diem
248 2879 300 2947 111
334 2881 574 2973 Munychionis
596 2900 630 2951 et
652 2882 786 2951 XXVII
807 2881 1076 2976 Scirophorionis
1098 2883 1175 2953 dies

128 2983 296 3052 intersunt
322 2983 649 3072 LXXX11131nter
682 2985 977 3054 Hecatombaeonis
1011 2987 1176 3058 ultimum

130 3105 164 3154 et
184 3088 476 3184 Maemacterionis
499 3036 584 3159 XXI
612 3094 758 3186 spatium
780 3088 911 3157 dierum
938 3107 989 3159 est
1008 3093 1174 3178 LXXXI,

128 3193 271 3260 minimo
293 3216 381 3279 sane,
403 3195 457 3266 vel
472 3196 585 3290 potius
598 3197 646 3268 in
652 3196 712 3266 tali
733 3219 849 3263 rerum
864 3195 1059 3265 conditione
1074 3197 1174 3269 nullo

130 3294 335 3365 discrimine.

128 3412 130 3417 ’
216 3399 409 3495 Antequam
430 3421 543 3472 umen
564 3404 824 3499 disputationem
845 3405 932 3472 hanc
954 3405 1173 3492 absolvamus,

8 3545 11 3549 -
95 3549 97 3553 ψ
129 3500 343 3579 redeundum
364 3506 474 3575 adhuc
495 3507 617 3576 critad
629 3509 757 3600 πρώτην
777 3509 868 3577 illam
883 3513 1059 3598 ἓισιλησίαν,
1083 3538 1174 3635 quae

132 3607 175 3673 de
197 3605 332 3676 decreto
354 3611 370 3676 1
391 3636 547 3703 magnam
569 3635 643 3717 eam
671 3615 768 3681 nohis
790 3615 1032 3683 dubitationem
1055 3619 1173 3686 excita-

130 3714 198 3793 vit,
227 3730 343 3779 utrum
372 3738 410 3780 re
440 3739 516 3783 vera
545 3708 584 3784 ei
610 3720 836 3786 monumentis
864 3719 1010 3810 publicis
1039 3719 1171 3788 desum-

131 3834 247 3905 ptum,
270 3841 313 3883 an
335 3843 355 3883 a
376 3819 600 3888 Demosthene
623 3845 665 3888 ex
686 3824 846 3889 memoria
867 3825 912 3890 sit
933 3828 1172 3919 conscriptum.

133 3923 208 4004 Qua
235 3919 279 3988 dc
311 3946 349 3988 re
379 3947 472 3990 nunc
506 3927 573 3992 iam
602 3926 689 3992 nihil
726 3925 824 3992 aliud
852 3929 1065 3996 statuendum
1099 3935 1176 4014 erit,

133 4047 234 4117 quam
248 4025 527 4114 Demosthenem,
551 4054 656 4123 quum
670 4032 910 4124 Munychionis
933 4034 983 4103 111
1003 4033 1178 4104 decretum
