2594 4672
568 244 627 321 ,15

365 514 552 625 Caput
598 525 853 626 primum.

85 636 193 752 Eupl'
169 664 296 726 licuntur
315 687 363 735 res
383 688 403 726 a
417 663 506 752 publ
493 688 538 726 ica
559 661 762 729 Demosthenis
787 661 1035 727 administratione
1056 665 1130 733 alie-

129 793 198 843 nae,
220 770 429 854 maximamque
444 784 563 861 partem
585 784 653 830 ante
675 776 801 832 aetatem
814 766 1032 853 Phttppnam
1027 785 1130 835 actae.-
1218 758 1220 761 ¹

128 875 244 936 Bellum
264 873 455 936 Decelei.cum
507 862 688 936 Athenarum
715 873 841 935 conditio
855 873 961 957 primis
974 888 1047 959 post
1068 872 1131 936 bel-

74 967 77 973 *
128 979 189 1039 lum
217 978 493 1064 Peloponnesiacum
521 977 702 1064 temporibus
752 978 863 1060 Pugna
890 975 933 1037 ad
959 977 1129 1041 Haliartum
1191 1025 1197 1037 .

129 1085 289 1144 commissa.
332 1081 550 1144 Atheniensium
571 1083 715 1170 expeditio
738 1080 934 1144 Corinthiaco.
977 1084 1062 1143 Fusis
1088 1082 1133 1145 ad
1248 1116 1252 1119 ·

128 1188 257 1251 Leuctra
276 1187 532 1257 Lacedaemoniis,
566 1184 708 1248 Thebanis
727 1186 864 1248 ueroad
884 1187 1026 1248 Graecihe
1040 1190 1130 1274 prin-

112 1293 256 1384 ,chrestum
272 1291 392 1362 evectis,
415 1313 486 1375 quas
493 1306 598 1376 partes
619 1290 792 1354 obtinuerint
804 1289 1002 1353 Athenienses.
1048 1291 1129 1354 Oro·

120 1417 182 1484 pus
212 1392 279 1455 urbs
307 1392 568 1454 Atheniensibus
557 1419 576 1455 a
602 1393 743 1456 Thebanis
761 1394 919 1480 fraudata.
967 1365 1130 1458 Athenien-

127 1501 202 1559 sium
223 1501 254 1559 in
279 1496 430 1559 Euboeam
462 1498 606 1585 expeditio
636 1497 777 1559 aduersus
807 1497 958 1560 Thebanos
983 1516 1127 1586 suscepta.

133 1600 299 1665 Tn'erarchi
330 1602 494 1665 uoluntarii
526 1601 650 1664 Athenis
678 1603 808 1689 primum
836 1602 969 1664 instituti.
1012 1605 1129 1667 Bellum

127 1707 244 1770 sociale.

87 1989 115 2032 t.
148 1965 210 2032 Or.
234 1965 277 2033 de
308 1986 376 2034 cor.
398 1989 432 2058 p.
456 1966 530 2034 258.
553 1962 606 2032 ed.
627 1963 738 2032 Reisk.
761 1914 940 2051 {binnulus
959 1931 1059 2032 πολλα
1087 1913 1129 2033 tr

99 2076 100 2079 ’
127 2070 261 2155 ἐχόντων
279 2076 506 2157 μνησικακῆσαι
526 2071 577 2139 καὶ
598 2071 784 2158 Κορινθίοις
803 2070 855 2135 καὶ
878 2069 1033 2154 Θηβαίοις
1052 2075 1129 2139 τῶν
1224 2075 1225 2078 ’

10 2174 11 2178 ’
127 2175 212 2259 περὶ
240 2173 305 2240 τὸν
334 2173 558 2242 Δεκελεικὸν
578 2171 744 2260 πόλεμον
763 2172 1023 2262 πραχθέντων.

173 2290 318 2359 Decelea
338 2293 469 2360 Atticae
490 2293 693 2387 oppidulum
712 2290 793 2375 suit,
822 2292 922 2360 CXX
942 2292 1129 2375 stadiorum

85 2391 262 2463 interuallo
300 2395 342 2462 ab
377 2396 519 2463 Athenis
557 2398 676 2478 situm,
717 2397 942 2488 Boeotiaeque
981 2399 1127 2467 confine.

85 2501 196 2567 Thuc.
229 2501 319 2583 vl1;
348 2520 397 2592 19.
442 2501 516 2568 Hoc
542 2499 818 2593 Peloponnesiaci
845 2497 929 2566 belli
957 2524 1047 2569 anno
1069 2501 1130 2575 de·

85 2606 173 2671 cimo
196 2605 356 2698 septimo,
385 2629 492 2697 quum
518 2629 585 2698 pax
613 2606 765 2699 qstinque
793 2605 892 2670 annis
920 2620 1016 2672 autea
1043 2604 1129 2675 sacta
1216 2671 1220 2680 ,

84 2704 127 2776 ad
148 2707 275 2775 bellum
296 2733 410 2777 rursus
440 2707 645 2790 declinabat,
666 2726 706 2775 ut
727 2706 919 2776 obsiderent
938 2705 1146 2780 munirent·¹
1199 2788 1203 2792 Α

83 2839 150 2907 que
172 2813 452 2882 Lacedaemonios
474 2812 698 2881 exstimulavit
724 2810 928 2895 Alcibiades,
950 2838 1058 2907 quum
1078 2815 1129 2883 fa-

83 2917 209 2989 cillime
231 2918 312 2985 inde
331 2919 481 2986 Athenas
510 2916 759 2986 incursionibus
780 2918 953 3010 perpetuis
981 2918 1128 2989 convelli

83 3022 350 3114 interclusosque
379 3022 528 3089 terrestri
560 3022 749 3107 'commeatu
777 3039 812 3089 et
839 3018 983 3088 metallis
1004 3021 1127 3093 haurio
1214 3022 1220 3033 ⁶

83 3125 300 3194 redeuntibus
331 3128 480 3220 opprimi
518 3126 740 3192 Athenienses
772 3148 870 3219 posse
898 3118 1126 3218 polliceretur.

85 3232 194 3296 Thuc.
217 3231 283 3314 VI,
311 3253 365 3322 91.
392 3232 446 3322 93.
491 3230 572 3296 Eius
604 3230 708 3320 igitur
739 3253 837 3296 suasu
867 3227 1128 3302 Lacedaemonii

81 3360 160 3402 cum
176 3337 285 3417 sociis,
307 3337 346 3402 in
362 3335 484 3427 quihus
500 3331 692 3427 Corinthios
710 3350 743 3401 et
762 3335 903 3415 Boeotos
917 3357 980 3428 per
994 3337 1128 3403 univer·

74 3443 157 3520 'sum
169 3438 253 3506 belli
266 3438 540 3532 Peloponnesiaci
554 3440 699 3530 spatium
711 3439 1009 3529 praestantissimos
1023 3439 1127 3509 fuisse

81 3561 225 3623 constat,
255 3545 394 3612 ineunte
415 3541 498 3617 belli
520 3564 609 3610 anno
629 3534 896 3625 undevicesimo,
919 3544 957 3611 id
978 3561 1127 3616 estsere

82 3646 220 3742 Olymp.
239 3649 340 3730 XC1,.
353 3651 385 3731 33
402 3641 494 3716 duce
515 3645 635 3740 Agidc,
657 3646 1000 3723 Lacedaemoniorum
1021 3647 1127 3743 altero
1198 3687 1200 3690 ⁴

78 3775 175 3844 rege,
209 3752 463 3845 impressionem
491 3752 529 3818 in
550 3753 697 3820 Atticam
722 3749 892 3834 fecerunt,
932 3771 1126 3844 vastataque

78 3873 167 3924 terra
186 3857 366 3925 Deceleam
387 3857 670 3926 communierunt.
714 3856 821 3937 Thuc.
844 3857 922 3940 Vll,
948 3880 998 3949 ι9,
1021 3856 1124 3925 Diod.
1224 3889 1226 3894 ¹

77 3960 147 4031 sic.
177 3962 280 4043 XIII,
301 3985 340 4052 9,
373 3964 433 4053 qui
454 3961 523 4030 -sub
556 3960 695 4052 Olymp.
728 3961 882 4047 XCI„,·4
919 3960 1125 4056 praesidium

35 4133 45 4147 ,
76 4065 240 4134 Deceleae
271 4067 465 4160 impositum
489 4064 607 4148 ,dadin
630 4090 691 4146 suo
717 4077 917 4178 moserata
943 4089 1020 4134 vere
1042 4060 1125 4172 anni
