2594 4672
567 249 673 339 ar¹

68 417 215 486 tionibus
237 417 439 511 legationem
468 419 589 486 obiisse
617 419 776 487 constat.¹
806 416 911 487 Erant
939 438 1050 490 autem
1077 425 1113 490 in

66 525 182 616 priore
202 520 262 588 illa
276 522 443 617 legatione
458 521 575 590 decem
589 522 689 617 legati
704 526 741 590 in
756 520 990 619 Macedoniam
1002 530 1119 594 missi:¹

69 626 271 719 Ctesiphon,
299 625 546 710 Aristodemus,
576 626 746 708 Iatrocles,
770 627 908 710 Cimon,
932 629 1113 714 Nausicles,

67 723 251 819 Dercylus,
273 725 427 818 Phryno,
449 725 674 809 Philocrates,
700 729 894 813 Aeschines,
916 731 1115 802 Demosthe·

66 854 138 898 nes.
157 860 163 874 =
182 829 226 898 V.
249 845 483 921 argumentum
505 855 525 896 2
560 828 602 897 ad
624 831 721 900 Dem.
744 854 793 900 or.
816 857 849 899 π.
872 853 1012 916 unauna.
1036 830 1116 896 Pas-

67 936 132 1002 sim
162 950 391 1002 memorantur
419 931 462 1002 ab
493 929 614 1001 Aesch.
643 957 677 1003 π,
705 952 846 1017 arpano.
874 952 910 1021 Ρ.
939 929 992 997 3ο-
1013 952 1058 999 m.
1082 948 1117 999 et

65 1062 102 1130 Ρ.
126 1035 170 1125 34
195 1059 241 1102 m.
287 1035 337 1106 Ex
364 1033 419 1102 his
447 1033 573 1126 singuli
606 1054 722 1102 rursus
756 1033 958 1114 afferuntur,
987 1050 1027 1101 ut
1055 1034 1116 1126 qui

67 1139 202 1209 alterius
226 1152 363 1232 quoque
383 1137 557 1232 legationis
579 1162 702 1233 munus
724 1137 887 1222 obierint3
918 1139 966 1205 sic
990 1135 1116 1205 Demo-

66 1245 221 1325 sthenes,
251 1240 477 1323 Philocrates,
499 1242 698 1322 Aeschines,
724 1241 862 1334 Phryno
884 1265 937 1332 ap.
960 1241 1058 1309 Dem.
1081 1269 1114 1308 π.

65 1372 207 1436 aspona.
230 1370 266 1439 Ρ.
288 1345 363 1436 4η.
409 1345 615 1414 Philocrates
639 1365 672 1413 et
684 1345 865 1415 Aeschines
878 1343 961 1414 ibid.
983 1369 1018 1440 Ρ.
1041 1347 1115 1434 395.

67 1449 224 1521 Iatrocles
252 1475 287 1551 p.
315 1450 389 1534 aloa.
419 1472 471 1540 ap.
501 1449 622 1516 Aesch.
645 1478 678 1523 π.
701 1475 841 1538 aaaron.
872 1471 907 1545 Ρ.
930 1448 983 1538 44.
1028 1450 1120 1516 Dera

67 1555 162 1648 cylus
191 1581 244 1649 ap.
267 1555 367 1623 Dem.
398 1552 420 1621 l.
455 1578 484 1622 c.
513 1579 548 1646 Ρ.
572 1553 647 1643 396.
693 1552 899 1622 Philocrates
927 1571 960 1620 et
989 1552 1117 1618 Demo-

30 1744 36 1751 ·
69 1661 200 1728 sthenes
229 1684 282 1750 ap.
312 1657 435 1725 Aesch,
455 1660 494 1725 in
517 1658 605 1725 Ctes.
628 1684 662 1755 Ρ.
692 1657 734 1726 65
766 1657 840 1730 init.
888 1658 1040 1741 Quorum
1067 1674 1116 1723 ta-

67 1787 148 1830 men
181 1765 334 1832 omnium
361 1763 398 1827 in
420 1760 556 1833 decreto
584 1779 700 1832 nostro
728 1759 817 1829 solus
840 1759 1024 1828 Aeschines
1060 1783 1121 1826 exe

68 1885 141 1935 atat.
194 1867 269 1950 Qua
301 1869 338 1932 in
362 1890 410 1933 re
441 1864 529 1933 nihil
560 1865 645 1933 aden
682 1862 896 1934 mirandum
913 1881 979 1946 est,
1015 1888 1117 1956 quam
1203 1876 1207 1883 '

68 1970 163 2064 quod
194 1968 397 2038 Philocrates
424 1971 520 2037 absit.
579 1972 645 2036 Iste
672 1971 781 2051 enim,
814 1969 908 2061 quod
940 1967 1117 2035 colludens

68 2101 148 2143 cum
174 2074 341 2141 Aeschine
368 2072 553 2143 commodis
579 2073 732 2166 Philippi
762 2075 901 2141 omnino
931 2074 1116 2155 inserviret,

67 2197 119 2247 tot
151 2179 244 2244 tetris
283 2179 443 2268 stigmatis
482 2204 501 2245 a
533 2176 760 2246 Demosthene
792 2194 965 2270 perustus,
991 2177 1046 2269 *ob
1079 2175 1118 2242 id

69 2301 183 2348 tamen
211 2282 402 2368 saepissime
431 2278 588 2348 scelestus
621 2282 751 2372 patriae
779 2278 1010 2373 libertatisque
1036 2304 1117 2372 pro·
1152 2315 1159 2346 a

71 2385 164 2451 ditor
184 2382 225 2450 ab
249 2403 287 2450 eo
309 2399 460 2466 notatur,
489 2383 581 2474 quod
602 2406 670 2448 nna
692 2407 770 2450 cum
789 2383 958 2450 Aeschine
980 2384 1118 2475 legatio·
1186 2428 1189 2433 ·

67 2513 149 2555 nem
176 2485 269 2577 illam
290 2486 356 2552 sibi
378 2483 568 2576 mandatam
594 2487 758 2579 flagitiose
785 2488 937 2577 gesserit,
966 2487 1117 2580 salsoque
1225 2471 1227 2476 ’

68 2591 199 2660 deinde
234 2590 279 2658 ad
312 2582 477 2681 populum
510 2593 706 2657 renunciata
733 2589 904 2659 decretum
934 2590 1116 2682 scripserit,

69 2722 138 2792 quo
162 2712 196 2763 et
215 2695 440 2763 Phocensium
468 2692 603 2762 fortuna
632 2693 795 2787 Philippo
817 2693 968 2793 prodita,
999 2713 1033 2763 et
1051 2720 1118 2789 pax
1160 2710 1163 2715 '

67 2801 131 2871 illa
161 2801 463 2894 turpissima·cum
489 2797 651 2892 Philippo
679 2799 723 2866 ad
744 2798 894 2893 posteros
926 2803 1028 2868 etiam
1049 2825 1117 2868 *ex-

68 2927 163 2976 tensa
185 2907 237 2972 sit.
280 2905 380 2970 Dem.
402 2931 436 2970 π.
459 2926 598 2991 nonasp.
621 2929 656 2996 p.
679 2904 754 2974 356.
801 2905 1027 2989 Quamobrem
1048 2903 1124 2987 ille,

68 3009 164 3104 quod
184 3010 383 3107 praesertim
405 3023 439 3073 et
459 3006 684 3075 Phocensium
711 3009 868 3075 interitus
890 3024 924 3074 et
944 3011 1115 3099 sequentis

68 3115 272 3209 tempestatis
294 3129 411 3179 auctor
433 3112 611 3194 exstiterit,
641 3113 682 3177 ab
704 3110 896 3204 Hyperide,
926 3117 1002 3203 post
1031 3109 1132 3179 bem.-

67 3220 250 3288 Phocensis
273 3217 378 3284 finem
401 3213 577 3308 eisangelia
607 3215 650 3281 ad
670 3215 839 3308 populum
869 3201 995 3285 delatus
1021 3213 1116 3308 suga-

69 3348 137 3416 qne
169 3339 245 3390 ante
278 3319 446 3387 iudicium
475 3337 575 3413 ‘capta
602 3317 646 3385 ad
674 3327 820 3386 mortem
846 3316 1021 3386 damnatus
1055 3338 1113 3388 est.

68 3429 169 3495 Dem.
199 3455 232 3493 π.
261 3450 400 3514 uuonan.
427 3448 462 3516 Ρ.
485 3423 563 3513 376.
604 3422 724 3491 Aesch.
746 3425 786 3490 in
808 3422 895 3492 Ctes.
916 3450 953 3518 Ρ.
974 3425 1016 3494 65
1040 3425 1115 3493 init.

67 3561 103 3601 π.
123 3556 265 3619 usucap.
286 3554 321 3623 Ρ.
345 3550 389 3618 29
410 3529 457 3596 in.
502 3526 665 3595 Dinarch.
688 3531 726 3596 in
748 3529 848 3596 Dem.
867 3554 903 3622 Ρ.
926 3552 968 3598 20
995 3527 1047 3595 ed.
1075 3529 1114 3596 tt.

68 3635 194 3703 Itidem
222 3657 300 3702 vero
330 3631 574 3700 Demosthenes
603 3656 739 3725 qnoque
768 3628 906 3701 alterius
938 3634 1113 3724 legationis

67 3741 169 3807 huius
184 3739 352 3833 particeps
365 3735 440 3819 fuit,
454 3760 518 3803 nec
529 3733 612 3805 adeo
627 3737 793 3829 exigusin
807 3760 845 3805 ea
857 3739 1029 3831 provincia
1038 3736 1116 3803 fun·
1214 3751 1227 3763 ²

70 3855 144 3913 ctus
161 3861 219 3918 est.
249 3841 292 3909 ld
304 3841 453 3934 quamvis
467 3857 534 3909 tota
549 3839 688 3933 quidem
702 3864 750 3910 or.
764 3842 999 3910 Demosthenis
1013 3840 1056 3908 de
1070 3866 1115 3908 m.

69 3973 101 4042 g.
124 3947 188 4040 leg.
213 3945 456 4018 evidentissime
479 3945 667 4028 doceat,'ut
685 3963 797 4047 tamen
822 3948 928 4015 omnis
954 3943 1115 4014 dubitatio

69 4069 291 4133 removeatur,
314 4066 511 4143 argumento
532 4052 600 4119 sint
621 4048 689 4119 loci
711 4050 881 4141 nonnulli.
917 4051 955 4116 P.
976 4049 1043 4136 4ο6
1062 4049 1116 4118 bis
