2594 4672
523 267 679 370 A

62 513 65 517 .
77 453 209 523 pressas
237 426 384 497 Athenas
411 434 619 527 principatus
646 451 740 505 ,tanta
768 433 895 526 ubique
927 407 1119 503 auctoritate
1235 439 1237 442 ⁴
1280 427 1282 430 Α

76 537 160 617 suit,
192 550 230 600 ut
251 532 420 628 quidquid
442 539 568 604 iussum
595 563 615 604 a
641 538 712 607 viro
738 535 1001 607 Lacedaemonio
1024 555 1118 622 esset,

77 639 116 707 in
146 661 186 705 eo
216 660 330 706 omnes
360 638 520 708 Graeciae
552 643 697 710 civitates
728 642 971 733 obtemperasse
1005 643 1119 712 Xeno·
1183 685 1189 698 ·

76 742 174 836 phon
196 739 292 809 dicat.
337 743 426 810 Hell.
451 746 517 826 III,
538 770 564 827 1,
589 750 618 814 5.

61 906 67 916 „
168 847 431 938 Megarenses
454 848 535 916 inde
557 875 575 916 a
596 853 706 942 primo
728 849 809 917 belli
832 850 931 917 initio
954 848 1118 918 Lacedae-

77 951 271 1020 moniorum
292 949 446 1021 adversus
468 954 687 1023 Athenienses
716 957 799 1023 socii
826 971 930 1022 erant.
977 953 1138 1048 olymp·

77 1055 279 1136 LXXXIX,
312 1080 323 1122 1
364 1059 443 1124 ortis
477 1060 618 1126 internis
648 1061 755 1126 turbis
778 1053 883 1151 quum
904 1082 971 1124 una
993 1060 1117 1125 civium
1169 1085 1171 1088 ·

76 1184 155 1253 pars
186 1183 263 1225 cum
284 1160 541 1228 Atheniensibus
570 1165 692 1256 pacisci
714 1179 888 1244 statueret,
911 1180 1005 1254 capta
1028 1181 1117 1228 esta

76 1262 213 1330 Brasida
235 1262 525 1358 urbs,.exuiesque
547 1269 583 1332 in
607 1292 678 1334 eam
712 1267 843 1334 reducti
869 1267 1011 1348 victoris
1025 1268 1118 1331 auxi-

77 1367 125 1436 lio
155 1364 369 1458 oligarchiam
402 1369 546 1458 Megaris
577 1373 808 1454 institueruut3
844 1394 950 1462 eaque
993 1370 1117 1436 deinde

77 1488 241 1564 perpetua
276 1470 481 1592 reipublicae
510 1473 622 1541 forma.
634 1476 827 1593 permansit
862 1473 1026 1565 (Thucyd.
1056 1475 1115 1565 IV,

77 1575 144 1666 74),
167 1599 230 1667 per
245 1599 350 1666 quam
363 1577 474 1642 civitas
491 1577 644 1668 sequenti
660 1576 740 1642 belli
757 1576 943 1668 Peloponn.
966 1594 1116 1668 tempote

77 1704 149 1749 non
169 1677 280 1747 solum
311 1703 351 1746 ex
373 1679 715 1749 Lacedaemoniorum
744 1681 880 1747 arbitrio
905 1680 1116 1773 pependisse,-
1147 1742 1150 1750 .

76 1757 194 1854 vestim
226 1784 324 1850 etiam
346 1783 387 1849 ab
411 1809 525 1853 eorum
548 1783 723 1876 praesidiis
746 1783 910 1850 custodita
933 1799 1001 1851 esse
1023 1769 1116 1851 vide-
1135 1852 1138 1856 Α

77 1906 144 1957 tur.
188 1887 230 1955 V.
254 1887 448 1957 Schneider
472 1888 531 1956 ad.
538 1891 623 1956 Xen.
648 1886 735 1955 Hell.
760 1889 786 1970 I,
814 1912 840 1969 1,
864 1887 925 1955 36..

164 1992 393 2085 Aeginetae
416 1995 494 2085 quia
517 1993 602 2061 clam
624 1991 901 2060 Lacedaemonios
924 1977 967 2057 ad
988 1979 1115 2058 boilum

76 2096 220 2164 Athenis
258 2096 472 2163 inferendum
505 2097 782 2176 exstimulassent,
823 2084 920 2185 eiecti
959 2093 1037 2162 sede
1072 2084 1113 2171 ab

76 2200 339 2267 Atheniensibus
368 2218 446 2266 sunt
473 2198 618 2268 secundo
648 2199 732 2266 belli
761 2199 797 2265 P.
829 2214 934 2281 anno,
974 2197 1113 2291 Olymp.
1141 2215 1145 2218 ’

77 2301 295 2383 LXXXVII,
326 2325 364 2386 ιι
396 2307 590 2395 receptique
612 2330 631 2369 a
653 2295 922 2370 Lacedaemoniis
944 2303 1115 2396 Thyream
1206 2295 1209 2301 ’

77 2392 253 2494 regionem
275 2404 363 2470 inter
385 2404 579 2497 Argolidem
612 2424 645 2472 et
666 2400 866 2473 Laconicam
898 2407 994 2473 sitam
1022 2407 1116 2474 inco-

77 2506 216 2576 luerunt
237 2507 358 2592 (Thuc.
381 2510 425 2592 II,
449 2519 513 2600 27),
537 2509 643 2576 donec
657 2502 794 2603 Olymp.
818 2509 943 2590 XCIII,
965 2508 987 2594 4
1009 2535 1027 2575 a
1050 2511 1118 2602 Ly-

76 2611 199 2680 sandro
222 2610 263 2677 ad
286 2612 484 2681 obsidendas
506 2608 608 2680 classe
631 2605 777 2681 Athenas
797 2611 975 2681 accedente
999 2614 1035 2679 in
1057 2639 1118 2705 pa·
1144 2647 1147 2652 ’

78 2717 176 2785 triam
204 2718 348 2784 restituti
380 2735 466 2785 sunt.
510 2712 666 2812 Xenoph.
696 2717 720 2786 l.
750 2743 777 2784 c.
800 2718 852 2799 ΙΙ,
882 2741 919 2799 a,
947 2739 981 2806 p
1024 2716 1114 2785 Plut.

76 2818 222 2912 Lysand.
246 2844 274 2887 c.
301 2813 349 2908 ι4.

164 2924 217 2990 De
240 2920 429 3008 Cleonis,
451 2916 614 2994 mediocri
636 2910 812 3020 oppido,
803 2950 838 2992 tu
861 2928 912 2994 via
932 2925 1006 3005 sito,
1030 2948 1115 3016 quae

75 3023 176 3120 Argis
193 3024 396 3100 Corinthum
416 3019 558 3097 ducebat
579 3029 703 3120 (Strab.
727 3031 819 3113 VIII,
842 3055 877 3122 p.
895 3029 998 3118 377.,)
1023 3027 1116 3124 quod

76 3132 145 3200 huc
176 3123 357 3235 pertIneat,
385 3121 472 3200 nibil
501 3136 678 3227 scriptores
704 3133 863 3199 referunt.
914 3131 987 3198 Hoc
1009 3129 1115 3197 solum

77 3254 207 3305 constat
228 3226 431 3331 ex'Thuc'yd.
461 3229 504 3319 V,
525 3239 587 3329 67,
612 3235 795 3330 Cleonaeos
822 3235 983 3327 Argivis
973 3248 1114 3330 iunctos,

78 3341 142 3433 qni
167 3340 233 3433 ipsi
262 3331 520 3410 Atheniensium
554 3341 636 3409 socii
666 3357 761 3407 erant
788 3338 869 3406 inde
903 3339 946 3405 ab
975 3325 1115 3432 Olympo

78 3444 279 3528 LXXXIX,
308 3434 348 3532 4,
378 3471 446 3512 una
475 3470 551 3512 cum
579 3446 632 3513 his
660 3444 763 3513 altera
788 3437 873 3510 belli
893 3429 1115 3544 Peloponnes

78 3566 174 3671 parte
196 3540 350 3618 adversus
371 3547 649 3617 Lacedaemonios
677 3567 851 3642 pugnasse
895 3533 1116 3616 statuendum
1209 3562 1212 3566 ’

60 3655 183 3744 ,igitur
212 3672 261 3722 est
291 3679 349 3720 ex
361 3654 425 3722 hoc
455 3653 688 3723 Demosthenis
716 3653 808 3734 lacn,-
838 3638 1117 3721 Lacedaemonios

80 3760 236 3851 sequenti
268 3756 379 3852 aliquo
409 3777 559 3852 tempore
589 3758 709 3826 urbem·
738 3745 857 3824 hanc
846 3771 883 3824 ιιι
905 3769 1000 3824 suain
1020 3753 1119 3868 redes
1197 3838 1199 3844 ι

81 3866 166 3956 gisae
187 3879 392 3956 potestatem.

83 3988 89 4003 “
169 3964 355 4048 insulae,
377 3992 396 4033 a
418 3965 642 4038 Demosthene·
663 3952 782 4033 ultimo
810 3951 885 4035 Ioco
905 3959 1118 4039 memoratae,-

82 4071 181 4139 maris
202 4071 309 4204 Aegei
330 4072 539 4189 potissimum¹
560 4057 799 4177 intelligendae
819 4079 913 4154 suut,
935 4077 1019 4162 quas
1039 4077 1123 4134 oon*

482 4202 487 4207 -
749 4168 801 4246 2ι
921 4216 924 4223 .
