2594 4672
641 211 798 344 Q

202 409 323 500 quihus
356 405 491 473 sortasse
520 429 639 473 novam
657 405 761 471 ,illam
788 403 1022 471 Demosthenis
1046 403 1244 497 editionem}

202 535 304 602 quam
326 510 455 628 δημώδη
484 506 661 601 Ulpianus
677 526 788 589 vocat,
810 510 1006 591 instrueret3
1040 510 1100 605 qui
1129 527 1246 577 tamen

200 615 237 679 in
260 613 383 702 insigni
415 613 475 679 illo
506 612 639 678 decreto
672 611 903 677 Demosthenis
930 611 973 675 de
1003 600 1175 677 Thebanis
1202 610 1246 678 ad

199 715 284 783 belli
308 716 498 782 societatem
532 731 647 782 contra
669 713 866 804 Philippum
888 714 1085 795 invitandis,
1108 700 1246 782 destite-

204 820 251 884 rit
273 817 314 882 ab
338 838 455 907 opera
466 818 564 881 anxia
594 833 626 880 et
647 817 748 880 nimis
770 813 960 891 laboriosa,
979 813 1053 877 satis
1082 831 1156 880 tum
1178 814 1245 881 sibi

201 922 289 986 visus
319 918 504 982 adiumenti
531 922 580 981 ad
611 914 843 981 illustrandam
872 917 1054 982 orationem
1085 915 1244 983 attulisse.

203 1021 290 1087 Nam
308 1019 407 1083 ultra
436 1017 524 1083 illud
554 1017 725 1082 decretum
750 1042 887 1109 operam
916 1020 1146 1085 continuatam
1173 1045 1246 1088 non

204 1148 283 1203 csse,
308 1120 462 1188 codicum
475 1120 808 1199 constantiadocet,
798 1146 834 1184 ιιι
858 1122 977 1221 quibus
991 1123 1147 1189 omnibus
1162 1124 1244 1218 inde

204 1251 234 1291 a
249 1251 282 1315 p.
312 1229 376 1314 289
405 1243 621 1291 monumenta
649 1215 895 1305 desidelantur,
929 1249 1033 1315 quum
1063 1250 1171 1321 usque
1201 1228 1245 1294 ad

203 1328 290 1394 hanc
313 1346 437 1395 servata
459 1331 496 1392 in
519 1326 673 1394 omnibus
696 1328 771 1406 sint,
802 1350 868 1393 uno
892 1344 1025 1417 excepto
1048 1329 1243 1420 Augustano

204 1434 249 1513 I.,
283 1434 321 1498 in
355 1457 421 1523 quo
444 1431 512 1498 solo
540 1432 703 1496 nimirum
739 1429 863 1496 defessa
890 1428 1020 1497 librarii
1049 1450 1153 1500 ¹manu
1176 1439 1246 1501 iam

119 1525 129 1539 ⁸
205 1562 222 1602 ιι
244 1562 278 1627 Ρ
303 1539 365 1604 25ο
389 1537 507 1603 omissa
529 1535 754 1600 inveniuntu1.

243 1641 342 1705 Ex
372 1664 435 1731 qua
465 1639 624 1728 opinione
647 1663 751 1728 quum
774 1663 826 1718 ea,
850 1610 935 1730 quae
957 1641 1097 1704 maxime
1120 1642 1246 1709 discre-

203 1745 319 1837 pantia
342 1761 374 1808 et
396 1740 565 1807 insolita
556 1764 592 1805 ιιι
614 1743 839 1806 monumentis
861 1740 927 1807 illis
948 1741 1244 1862 deprehendimus,
1270 1768 1272 1773 ·

205 1845 361 1938 explicari
384 1846 551 1936 aptissime
573 1868 686 1936 posse,
709 1846 784 1909 satis
808 1847 875 1910 iam
894 1868 1064 1911 excussum
1079 1848 1120 1912 sit
1139 1866 1171 1915 et
1187 1848 1245 1915 de-

204 1969 434 2028 monstratum,
459 1947 526 2012 illis
539 1947 686 2038 denique
697 1948 856 2039 accedant
869 1972 974 2070 pauca
986 1949 1150 2040 quaedam
1166 1950 1240 2031 alia,

204 2055 378 2144 inquibus
400 2067 569 2141 praeterea
590 2048 758 2116 offendere
781 2053 1006 2118 meminimus
1052 2053 1094 2117 In
1111 2051 1239 2165 decreto

169 2146 171 2151 ¹
208 2155 418 2225 Callisthcnrs
441 2181 474 2245 p
506 2157 568 2222 238
591 2157 834 2286 praescriptum
854 2178 979 2223 nomen
1000 2158 1161 2250 rogatoris
1182 2174 1239 2238 est,

206 2238 298 2324 idem
327 2257 530 2348 adscriptum
562 2259 675 2323 ctiam·
715 2256 778 2325 εἷπε
814 2261 1031 2346 Καλλισθένης
1071 2260 1241 2348 Φαληρευς.

205 2365 375 2430 Postrema
397 2363 501 2454 ipsius
524 2363 685 2452 rogatoris
716 2386 784 2427 esse
806 2363 904 2428 verba
928 2386 1057 2444 censeo,
1082 2365 1142 2455 qui
1162 2365 1243 2445 ¹con-

185 2469 331 2556 scripta
353 2465 440 2557 lege.
472 2466 590 2550 μηὸίνα
608 2465 785 2555 Ἀθηναίων
805 2469 943 2556 μηδεμία
964 2469 1192 2555 παρευρέσεικ.
1215 2460 1242 2533 τ’.

206 2567 402 2650 a.,addidit
424 2593 547 2634 nomen
564 2593 672 2647 suum,
694 2586 730 2634 ut
752 2568 915 2635 adlectum
928 2569 1082 2661 leg1tur
1073 2596 1110 2635 ιιι
1132 2568 1242 2636 libello
1288 2560 1291 2566 ¹

190 2696 243 2762 Ρ.
267 2674 305 2737 25
310 2694 344 2736 0:
368 2675 536 2761 πρυτανεία
555 2680 667 2804 Ρυλῆς
674 2669 926 2756 Ἱπποθωντίδος,
947 2666 1143 2762 Ἀριστοφῶν
1158 2679 1244 2741 Κολ-

208 2773 334 2850 λυτικὸς
361 2772 569 2865 πρόεδρος
541 2801 631 2843 ειπεν.
677 2773 745 2840 Sed
775 2775 939 2848 dect-'ero
929 2802 966 2842 ιιι
996 2777 1156 2845 tabulario
1189 2801 1243 2843 rc

91 2918 98 2926 ·
206 2875 365 2968 ponendo
394 2879 608 2969 praescripsit
635 2878 756 2947 scriba:
792 2868 960 2966 συγκλήτου
988 2883 1149 2966 ἐκκλησίας
1180 2879 1240 2946 ὕπὸ
1276 2960 1278 2964 ,

208 2987 389 3068 στρατηγῶν
410 2983 460 3046 καί
482 2981 674 3108 ηροιάνιοιν,
703 2989 819 3068 βουλης
849 2985 965 3073 γνώμη,
992 2976 1243 3069 Μαιμακτηριῶ-

207 3109 261 3160 νος
288 3084 445 3174 δεκάτη’
429 3085 589 3168 απιόντος,
620 3089 837 3171 Καλλισθένης
869 3089 1041 3154 Ἐτεονίκου
1082 3087 1243 3190 Φαληριιλς

208 3187 281 3254 ειπε.
339 3189 465 3254 Eadem
501 3191 585 3257 ratio
623 3207 672 3256 est
710 3187 834 3256 decreti
871 3189 935 3258 de
948 3192 1140 3259 coronando
1177 3178 1244 3256 De-

106 3307 113 3315 '
207 3292 381 3359 mosthene
431 3293 472 3357 ab
506 3294 696 3361 Aristonico
730 3293 805 3361 lati:
844 3320 880 3385 p
915 3297 987 3362 253
1051 3297 1093 3362 In
1128 3295 1243 3363 eodem

207 3394 341 3464 decreto
363 3395 580 3483 memorabile
603 3415 664 3481 est,
697 3397 789 3490 quod
822 3398 1034 3466 Chaerondas
1055 3388 1242 3493 pseudopo-

111 3567 114 3573 ,
207 3523 329 3590 nymus
355 3500 515 3588 πατρόθεν
542 3518 691 3567 vocatur:
731 3505 778 3578 ἐπὶ
806 3501 1047 3589 Χαιρώνδου
1072 3501 1241 3590 Ἡγήμο-

200 3603 457 3688 νοςᾶρχοντος,
483 3603 519 3669 id
542 3604 634 3696 quod
655 3607 692 3669 in
715 3604 808 3673 nullo
832 3605 897 3673 alio
913 3606 1124 3675 decretorum
1144 3631 1242 3701 pseu-

210 3707 400 3804 deponymo
434 3711 607 3799 reperitur.
669 3707 847 3774 Adiectum
874 3710 931 3778 hic
962 3713 1107 3792 scribae,
1141 3735 1239 3804 quem

135 3800 139 3806 ⁴
209 3833 271 3900 pro
295 3810 505 3878 archonte
476 3838 527 3877 ιιι
549 3811 607 3877 ille
631 3811 745 3877 doctus
768 3813 928 3894 habebat,
959 3817 1061 3906 patris
1094 3839 1163 3886 esse
1184 3838 1242 3883 no-

197 3937 287 3979 ·men
308 3933 399 4006 puto,
423 3932 460 3981 ut
481 3913 684 3981 discerwnatm
707 3915 948 3984 Chaerondas
938 3937 1000 3984 rste
1022 3919 1063 3986 ab
1079 3941 1240 4012 cponymo

211 4013 288 4099 illo,
322 4043 424 4114 quem
461 4018 605 4114 praefert
640 4019 814 4087 Aeschinis
851 4020 968 4112 γραφη.
1024 4023 1074 4091 Ita
1108 4024 1240 4092 fortasse
