2594 4672
566 290 724 396 Q

125 481 192 551 que
205 448 572 552 Ctesiphontislegem,
596 477 629 526 et
651 459 740 541 huic,
763 460 790 526 si
814 483 851 526 ea
874 458 938 524 lata
961 475 1009 524 est
1027 416 1164 552 Olymp.

125 561 206 643 CX,
229 563 248 630 3
270 562 513 655 Pyanepsione,
535 564 701 655 praefixus
731 587 801 630 esse
825 563 966 629 debebat
995 562 1165 630 Chaeron-
1207 644 1209 653 γ
1269 562 1270 565 ’

125 665 182 732 das
206 689 307 758 quem
329 669 430 733 etiam
450 667 596 759 praefert
619 667 847 761 Ctesiphontis
878 665 1028 747 libellus,
1059 685 1092 733 et
1112 665 1164 733 illi

125 793 311 863 eponymus
333 770 591 863 Lysimachides.
642 773 713 836 Iam
734 768 811 838 vero
846 770 993 837 attendas
1030 795 1162 861 quaeso.

122 875 294 942 Archonte
334 875 533 946 Chaeronda
572 898 686 943 mense
720 874 946 969 Thargelione
979 869 1162 942 Aeschines

121 980 171 1046 ait
191 978 452 1046 Demosthenem
479 978 589 1070 legem
616 978 728 1047 tulisse
751 978 793 1045 de
816 976 966 1044 creandis
990 1003 1164 1046 murorum

123 1083 344 1164 curatoribus,
368 1093 405 1148 ex'
427 1107 495 1175 qua
516 1085 588 1172 ipse
617 1085 790 1151 moenium
815 1101 949 1150 curator
970 1080 1091 1149 electus
1115 1101 1164 1150 est

124 1186 408 1277 Scirophorione3
425 1203 511 1253 tum
532 1188 641 1253 scriba
667 1186 775 1277 legem
797 1185 1023 1278 Ctesiphontis
1046 1189 1164 1255 recitat

106 1290 226 1370 latam
254 1312 323 1355 esse
363 1288 521 1358 archonte
550 1289 747 1358 Chaeronda
779 1313 893 1356 mense
923 1292 1163 1382 Pyanepsionc,

123 1409 238 1460 octavo
261 1409 338 1459 ante
358 1392 626 1485 Thargelionem.
670 1395 792 1461 Nonne
813 1395 895 1460 haec
917 1393 1089 1462 audientes
1110 1397 1163 1463 iu·
1239 1472 1242 1478 ¹

124 1496 215 1564 dices
237 1497 358 1567 merito
379 1498 599 1589 ineptientem
621 1515 786 1566 oratorem
808 1497 1046 1591 explosissenti

209 1602 306 1685 'Quae
337 1625 444 1692 quum
468 1602 515 1669 itu
545 1603 630 1684 sint,
665 1620 722 1669 aut
748 1625 786 1668 re
819 1625 897 1669 vera
923 1602 1163 1671 Demosthenes

126 1705 266 1798 Olymp.
293 1705 372 1788 CX,
395 1706 415 1774 3
442 1704 704 1799 Scirophorione
726 1706 898 1790 τειχοποιός
915 1706 1031 1773 factus·
1041 1708 1099 1788 sit,
1132 1725 1164 1775 et

124 1809 263 1902 Olymp.
287 1806 360 1890 CX,
382 1809 415 1895 4,
438 1810 597 1878 archonte
610 1809 813 1902 Phrynicho,
835 1811 1067 1903 Pyanepsione
1085 1812 1163 1879 Cte-

123 1914 245 2006 siphon
265 1911 375 2007 legem
396 1912 522 1996 tulerit,
544 1912 809 2007 Elaphebolione
830 1914 1014 1982 Aeschines
1031 1936 1164 1983 causam

122 2019 315 2100 instituerit,
339 2034 396 2084 aut
416 2017 593 2085 Aeschinis
614 2019 723 2086 verbis
746 2020 794 2086 hd
815 2018 1005 2107 Χαιρώνδου
1032 2018 1165 2086 medela

123 2122 288 2205 afferatur,
310 2146 444 2188 necesse
467 2125 559 2206 est*).
605 2123 716 2214 Atque
739 2122 832 2215 quod
853 2147 924 2216 cap.
947 2123 987 2189 ll.
1011 2141 1092 2190 extr.
1116 2141 1165 2191 te-

124 2226 272 2317 tigimus,
294 2225 387 2292 idem
396 2226 453 2292 hic
464 2227 614 2318 primum
627 2228 664 2291 in
682 2245 832 2293 mentem
851 2226 987 2293 sortasse
1005 2245 1163 2309 recurrat,

125 2328 343 2416 Plutarchum
353 2331 390 2394 in
401 2346 552 2422 ternpore
563 2327 667 2396 cladis
679 2328 923 2397 Chaeronensis
932 2329 1065 2422 lapsum
1076 2355 1165 2398 eam·

124 2455 192 2523 que
222 2457 293 2500 non
314 2433 558 2524 Metagitnione
589 2434 801 2500 commissam
826 2457 906 2514 ease,
930 2432 991 2500 sed
1015 2433 1166 2526 Tharge-

122 2537 217 2604 lione
240 2536 378 2630 Olymp.
408 2537 489 2624 CX,
518 2540 557 2620 3,
579 2556 619 2605 ut
647 2537 870 2606 Demostheni
901 2536 1175 2631 Scirophorione'

122 2664 253 2723 mense,
283 2642 442 2731 archonte
473 2641 689 2725 Chaeronda‚
711 2644 884 2710 moenium
903 2641 1167 2710 reficiendorum

124 2769 206 2812 cura
219 2747 356 2814 omnino
370 2745 565 2815 demandari
584 2764 703 2840 posset.
748 2745 816 2814 Sed
830 2748 886 2831 isti
905 2748 1099 2838 cogitationi
1113 2746 1166 2815 nil
1272 2805 1274 2810 .

123 2850 342 2918 tribuendum
369 2864 455 2934 esse,
488 2876 590 2943 supra
620 2851 889 2936 monstravimus3
927 2869 976 2948 etl
994 2876 1032 2918 ea
1061 2876 1166 2919 unam

124 2955 283 3022 evitantes
301 2954 530 3024 difficultatem
557 2955 628 3024 aliis
655 2979 926 3046 occurreremus,
954 2955 1046 3023 hand
1065 2956 1164 3025 facile

82 3092 97 3100 -
124 3056 302 3126 solvendis.
357 3060 405 3128 At
432 3059 544 3130 multo·
573 3058 781 3153 probabilius
816 3059 953 3140 dixeris,
993 3077 1070 3151 post
1100 3084 1166 3151 pu-

126 3186 228 3255 gnam
255 3161 393 3231 demum
406 3147 549 3257 ‘captum
574 3161 837 3233 reficiendorum
856 3185 1032 3230 murorum
1058 3165 1167 3232 consi·
1228 3223 1230 3227 .

169 3495 403 3579 ')Clintonum,
425 3500 478 3583 qui
499 3499 575 3561 Fast.
597 3498 712 3560 Hellen.
740 3522 772 3582 p.
802 3499 865 3562 363
892 3497 1041 3560 Aeschinis
1069 3498 1166 3561 verbis

211 3586 284 3646 hauc
304 3587 407 3648 tribuit
428 3588 603 3666 sententiam,
624 3601 657 3647 nt
679 3587 835 3664 docerent,
860 3587 972 3645 etiam
993 3601 1069 3646 tum
1090 3588 1167 3647 De·

182 3664 445 3734 ‘mosthencm
465 3667 588 3736 fuisse
617 3689 832 3735 curatorem
863 3675 1061 3750 moenium,
1081 3671 1167 3734 ideo·
1202 3673 1214 3697 ’“

213 3780 273 3842 que
311 3759 461 3823 decretum
489 3755 699 3822 Demosthenis
726 3763 757 3821 in
796 3761 1018 3843 Thergelionem
1048 3759 1168 3843 Olymp·
1221 3812 1231 3823 ,
1259 3788 1279 3829 ·,

212 3845 280 3923 CX,
305 3849 333 3924 3,
354 3849 489 3909 archonte
512 3848 698 3927 Chaeronda,
719 3839 787 3932 post
808 3848 1036 3909 Demosthenem
1057 3867 1073 3906 a
1095 3844 1169 3907 Cte-

211 3933 345 4015 siphonte
374 3932 522 3996 laudatum
550 3951 580 3997 et
601 3936 821 4019 Ctesiphontem
852 3930 889 3994 ab
917 3932 1064 3996 Aeschine
1081 3952 1127 3997 ttot

211 4035 304 4080 satum
320 4019 425 4099 relert,
446 4024 550 4102 merito
572 4023 707 4086 refutarit
728 4022 855 4084 boechh.
885 4022 914 4081 in
944 4020 1108 4085 cantitent

169 4165 177 4178 a„
210 4107 370 4182 archontib.
391 4107 573 4196 pseudepon
595 4131 628 4195 p.
651 4115 691 4175 23
715 4126 818 4173 eruor
838 4110 924 4201 tacite
936 4126 1041 4192 supra.
1077 4188 1079 4193 .
1111 4118 1135 4199 J,

808 4211 871 4280 18*
