2594 4672
122 456 236 548 eslii)
269 454 397 524 causam
433 474 501 549 esse
530 450 885 539 inscitatum·relert.*)
934 459 1046 550 Atque
1076 459 1158 529 huic

120 560 211 630 heile
232 552 376 654 tempori
390 562 661 654 'proximeetiam
678 558 840 628 accedunt
851 561 1156 630 Ciceronis‘verha:

121 666 229 750 ,'‚h'an·c
250 665 449 732 mulctar‘n'a
473 665 688 758 Ctesiphonte
703 666 808 755 petiit
831 663 1045 756 [Aeschines]
1077 688 1161 759 qua-

123 763 279 837 driennio
309 768 385 863 ante
415 769 566 861 Philippi
593 768 984 867 Macedonismortemr‘
1007 767 1066 858 (de
1090 789 1161 863 opt.

122 884 196 964 gen.
220 892 305 962 orat,
324 874 411 962 c.7){
433 876 470 938 in
493 894 560 963 quo
583 890 693 962 tamen
716 870 1041 963 quadriennium
1064 892 1164 943 ante

122 976 193 1044 non
204 977 295 1043 idem
315 976 431 1057 valeat,¹
452 1002 489 1043 ac
512 992 687 1068 quatuor
708 976 829 1040 annis
852 991 959 1057 ante,
983 973 1044 1042 sed
1056 976 1163 1045 Grae-

70 1104 73 1109 ’
123 1106 202 1148 cum
224 1106 292 1147 esse
309 1069 484 1163 Ὀλύμπιος
504 1097 621 1172 potest.

210 1184 303 1251 Idem
326 1185 492 1249 institutae
526 1184 664 1249 actionis
687 1202 814 1276 tempus
838 1184 1038 1252 confirmant
1060 1189 1164 1252 etiam

123 1286 238 1355 auctor
268 1286 459 1378 argumenti·
480 1289 522 1352 11.
554 1287 664 1354 ador.
695 1285 736 1352 de
759 1312 826 1354 cor.
857 1305 889 1353 et
909 1288 1163 1357 Pseudo-Plut.

122 1395 161 1458 in
182 1392 304 1458 Vicit
326 1392 391 1457 o'rr.
415 1391 587 1458 Demosth.
610 1390 687 1458 Vol.
712 1393 788 1457 XII.
812 1416 845 1482 p.
859 1392 932 1461 263.
955 1392 1008 1473 H„
1032 1394 1164 1484 quippe

125 1501 185 1586 qui
208 1496 466 1584 Demosthenem
497 1490 760 1586 continuo'post
789 1493 918 1560 cladem
947 1495 989 1560 ad
1012 1497 1165 1565 Chaero-

62 1675 66 1695 1
122 1612 222 1667 neam
258 1589 430 1666 moenium
467 1596 727 1664 reficiendorum
766 1622 888 1676 munus
915 1598 1166 1668 administrasse

123 1699 276 1770 r'e'lerant.
328 1703 457 1769 Verum
471 1701 534 1785 ··hi‚
562 1701 652 1794 quod
680 1721 756 1794 post
783 1702 912 1768 cladem
943 1704 1166 1772 Chaeronen-

125 1830 194 1874 sem
222 1805 356 1872 dcmum
388 1822 535 1871 creatum
567 1807 666 1872 etiam
695 1807 954 1873 Demosthenem
977 1832 1046 1873 esse
1069 1833 1163 1876 moe-

124 1912 221 1977 n'iir'm
233 1929 418 1977 curatorem
430 1908 558 1990 dicunt,
576 1911 612 1972 in
622 1933 659 1976 co
669 1910 839 1988 manifesto
850 1929 972 1991 errant,
985 1913 1012 1976 si
1023 1911 1162 2003 quidem

54 2015 57 2019 ’
124 2016 284 2099 continuo
305 2032 381 2104 post
402 2036 488 2093 eam,
517 2012 582 2078 hoc
610 2031 658 2105 est
684 2037 796 2080 mense
819 2016 1057 2104 Metagitnione
1077 2016 1159 2082 refi-

125 2110 254 2215 ciendis
277 2116 380 2181 muris
402 2125 518 2181 manus
546 2120 695 2208 apposita
731 2137 792 2197 est,
823 2115 1004 2219 eademque
1034 2141 1156 2211 oppor-

123 2224 264 2311 trinitate
297 2220 537 2343 Demosthenes
570 2228 743 2305 τειχοποιοῦ
778 2247 918 2289 munere
948 2222 1159 2312 fungebatur.

44 2435 46 2441 ι
123 2426 435 2449 mannan—n·

74 2562 77 2571 ·
135 2531 192 2620 '‚')
213 2542 292 2618 Inde,
316 2540 398 2623 quod
419 2543 489 2601 mire
511 2541 639 2602 additum
661 2559 713 2617 est,
735 2536 845 2622 μικρόν
866 2536 1060 2626 indemnia
1074 2542 1166 2604 Χαι-

133 2648 138 2655 ·
174 2660 176 2665 ·
202 2630 363 2709 ῑρωνικῶν,
406 2644 434 2687 et
464 2639 541 2710 'quo'
559 2632 737 2710 potissimum
774 2631 888 2689 Corsini
924 2632 1022 2712 opinio
1059 2632 1162 2698 nititur

135 2744 150 2769 -,
211 2717 359 2774 actionem.
377 2730 440 2773 ante
462 2738 587 2796 pugnam
609 2716 750 2779 Chaeron.
774 2717 821 2786 Ol.
844 2717 917 2790 CX,
950 2739 982 2794 a,
1004 2718 1163 2776 institutam

209 2801 408 2860 contendentis
435 2802 482 2882 (F.
505 2803 540 2861 Α.
564 2803 630 2861 diss.
652 2803 700 2861 Ill.
728 2807 765 2863 (3
789 2818 817 2863 et
839 2803 916 2863 VIII.
923 2799 1010 2907 23),
1040 2803 1072 2861 id
1095 2826 1162 2863 cum

139 2948 143 2955 ,
177 2880 179 2885 ⁴
211 2887 382 2947 Casaubono
418 2887 583 2947 mutandum
605 2890 760 2949 conieceris
790 2891 818 2948 in
845 2883 955 2971 μικρὸν
982 2887 1158 2985 navarriam·

211 2974 294 3059 quod
307 2991 398 3032 tamen
413 2974 548 3056 equidem
559 2974 802 3034 audaciuslacturn
812 2999 923 3035 censeo.
946 2977 1053 3057 Neque
1066 2993 1160 3036 tamen

78 3056 83 3067 ’
143 3058 171 3083 ’·’
210 3060 399 3144 persuadere
407 3062 473 3120 rniln
487 3083 613 3144 possum,
634 3050 818 3121 Plutarchum
839 3078 902 3121 antc
924 3085 1051 3144 pugnam
1065 3062 1162 3122 Chae-

140 3170 143 3175 ·
190 3160 273 3208 “ron
302 3149 380 3206 litem
406 3150 562 3209 institutam
596 3148 748 3224 indicasse,
771 3152 882 3231 quippe
905 3149 1011 3229 qnod'
1004 3171 1067 3230 ipse
1091 3151 1162 3208 sciat

211 3235 429 3316 Metagitnionis
437 3235 492 3294 VII
506 3258 567 3295 esse
589 3236 626 3294 ad
641 3235 834 3295 Chaeroneam
856 3235 1026 3294 conflictum.
1064 3237 1162 3310 Quam

138 3362 190 3395 ψ,
209 3321 253 3394 ob
281 3344 341 3380 rem
371 3321 407 3379 ad
437 3319 517 3380 desto
499 3322 641 3404 t‚nandum
669 3324 765 3404 potius
795 3324 918 3426 primum
950 3334 1035 3403 post
1049 3321 1162 3383 cladem

189 3422 324 3487 ,tempus
346 3390 466 3468 abusum
488 3428 554 3471 eum
576 3409 694 3468 dixerim
716 3431 787 3468 voce
809 3401 921 3483 ἐπάνω,
945 3409 1057 3489 quippe
1081 3431 1159 3491 quae

143 3484 170 3523 '³
211 3493 333 3552 mediam
359 3478 480 3570 habeat
508 3494 636 3578 ideoque
659 3490 821 3583 ambiguam
851 3495 1097 3575 significationem,
1126 3511 1159 3555 ut

211 3581 327 3662 possit
336 3595 364 3639 et
400 3581 437 3638 ad
470 3597 583 3664 tempus
612 3583 741 3662 proxime
770 3581 940 3641 antecedens
971 3596 999 3639 et
1025 3583 1160 3662 proxime

142 3687 146 3693 ’
189 3667 392 3751 'subsequens
417 3667 527 3727 referri.
579 3667 638 3727 Sed
665 3669 835 3748 negligentia
861 3669 984 3770 apctoris
1013 3669 1161 3770 mapifesta

145 3790 150 3797 -
177 3796 181 3807 .
214 3769 256 3815 est
279 3755 376 3812 etiam
382 3755 411 3812 in
433 3752 635 3835 sequentibus·
658 3746 890 3856 ’medriocri'
870 3773 1034 3832 οστερον
1056 3749 1162 3816 ἔτεσι

174 3882 190 3915 ,,
208 3837 300 3914 ,δέκα
321 3837 365 3899 ἐπ’
382 3834 636 3945 Ἀριστοφῶντος,
660 3841 712 3897 ubi
732 3861 786 3920 pro
808 3832 887 3900 ἔτεσι
908 3836 982 3899 δέκα
1004 3840 1163 3902 dicendum

157 3978 197 4017 Ι..
212 3943 272 4017 erat
292 3922 389 3987 ἔτεσιν
410 3920 504 4005 ὄκτῴ·
527 3924 682 4030 siquidem
696 3927 819 3985 auctoris
841 3929 911 3986 haec
932 3941 1006 4003 sunt,
1028 3949 1083 3986 nec
1106 3951 1165 4009 po-

145 4004 151 4017 ’
183 4014 185 4018 ’
213 4008 268 4074 tius
295 4012 388 4073 simul
400 4036 465 4072 cum
470 4010 545 4071 illis
554 4006 676 4093 μικρὸν
698 4007 849 4075 intincta.
871 4013 968 4094 Χαιρ.
991 4015 1164 4074 recentioris

212 4100 358 4162 cuiusdam
379 4101 499 4160 hominis
520 4099 592 4159 male
622 4097 700 4158 docti
721 4099 846 4160 laciniae.

1103 364 1105 369 .
1168 341 1188 372 ξ’
