2594 4672
646 268 801 371 ..¹2⁰-

100 428 108 451 ⁷
205 439 309 503 rimos
332 451 467 500 conatus
489 436 645 527 persequi
667 451 795 528 posset,
818 434 997 501 exereitum
1018 435 1054 500 in
1077 433 1147 505 duo
1171 462 1252 530 par-

208 542 303 633 titus,
326 537 506 604 dimi-dium
528 538 572 604 ad
600 539 887 632 oppugnationem
899 538 1174 636 (continuandam
1195 567 1252 609 re·

153 682 154 685 κ
205 645 323 737 liquit;
347 665 425 709 eum
447 645 564 717 ceteris
586 644 657 736 ipse
678 646 745 710 iam
767 642 810 709 ad
826 644 1026 735 Bydantium
1049 666 1252 736 oppugnan-

115 745 133 791 Ὺ
161 789 164 794 -
205 747 288 813 dunt
321 751 498 814 conversus
527 765 584 813 est.
629 745 731 814 Diod·
758 747 858 830 XVI,
890 747 941 838 76.
985 747 1077 814 Haec
1099 748 1182 815 inde
1206 753 1268 818 ab,

204 854 340 944 incepta
362 850 514 915 Perinthi
543 852 791 944 oppugnatione
820 848 988 917 Diodorus
1012 851 1128 939 (XVI,
1154 854 1250 944 74-
1282 856 1286 867 '

206 958 279 1048 76),
319 953 528 1046 Selymbriae
561 953 771 1023 obsidionem
797 957 1019 1047 praeteriens,
1053 955 1157 1024 refert
1184 960 1248 1027 sub

155 1051 157 1054 ’
182 1142 184 1146 ³
208 1060 346 1153 Olymp.
362 1057 452 1141 CIX,
476 1058 498 1143 4
518 1075 595 1151 post
617 1057 999 1151 expulsumaPhoeione
1023 1058 1246 1147 Clitarchum,

203 1183 384 1259 tyrannum
411 1162 580 1244 Eretriae,
612 1186 715 1254 quem
747 1186 814 1234 una
844 1187 922 1229 cum
943 1161 1135 1246 Philistide,
1161 1167 1249 1234 Orei

203 1287 356 1363 tyranno,
379 1268 521 1334 eiectum
544 1291 613 1333 esse
635 1268 771 1358 ineunte
793 1264 946 1334 mediove
958 1264 1098 1361 Olymp.
1111 1268 1195 1338 CIX
1220 1297 1248 1339 a.
1275 1296 1276 1300 ’

203 1373 225 1460 4
247 1397 319 1465 sup.
341 1371 365 1438 l.
387 1372 655 1439 monstravimus.
698 1370 894 1461 Eodemque
922 1387 1088 1463 tempore,
1109 1372 1175 1442 hoc
1199 1395 1250 1445 est

204 1478 266 1544 sub
288 1479 402 1569 ipsum
421 1475 642 1569 ver‘Olymp.
665 1475 762 1555 CIX,
785 1475 807 1560 4
828 1473 1028 1541 Perinthum
1049 1497 1249 1568 oppugnare

201 1580 401 1674 Philippum
417 1581 591 1673 coepisse,
614 1577 822 1672 Selymbriae
845 1577 976 1646 obsidio
998 1578 1115 1661 docet,
1138 1605 1248 1676 usque

202 1685 245 1751 ad
263 1685 419 1751 'hiemem
453 1684 604 1751 eiusdem
633 1684 713 1750 anni
745 1684 946 1752 continuata.
1004 1681 1116 1750 Simul
1153 1689 1249 1769 enim

202 1814 279 1856 cum
307 1788 495 1881 Selymbria
511 1788 724 1870 Perinthum
752 1789 854 1854 etiam
881 1787 1047 1854 obsessam
1067 1811 1140 1855 non
1163 1814 1248 1858 eon-

114 1899 116 1910 ’
202 1895 374 1975 cesserim,
398 1893 536 1984 quippe
567 1909 638 1974 tum
671 1891 854 1958 ¹Perintbiis
887 1895 1000 1984 potius
1043 1892 1168 1960 auxilia
1203 1897 1246 1962 ab

201 1997 462 2089 Atheniensibus
484 1994 622 2062 ferenda
649 1994 788 2062 fuissent
809 2019 863 2080 ea,
894 2020 979 2089 quae
1001 1994 1273 2090 Selymhrianis,

45 2146 49 2154 f
132 2143 145 2162 s
202 2103 303 2193 missa
325 2124 394 2167 esse
416 2097 592 2192 Philippus
615 2098 788 2203 contendit
809 2102 847 2166 in
869 2099 1025 2192 epistola.-

99 2298 101 2303 Ι
164 2297 169 2306 ι
291 2207 361 2273 Iam
382 2227 460 2272 vero
483 2197 644 2271 Perintho
665 2228 729 2296 per
750 2222 816 2271 tres
839 2222 1020 2296 quatuorve
1037 2229 1167 2274 menses
1188 2209 1245 2274 in-

203 2335 332 2379 cassum
353 2310 514 2377 acerrime
537 2325 729 2402 oppugnata
752 2306 930 2401 Philippns
953 2308 1162 2401 adByzantii
1185 2313 1248 2381 ob-

93 2492 95 2498 ,
201 2415 369 2494 sidionem
392 2412 518 2481 eodem
548 2437 635 2481 anno
665 2415 733 2479 iam
765 2411 808 2495 ad
836 2413 940 2480 finem
965 2425 1122 2507 vergente
1143 2419 1248 2486 traie-

101 2568 103 2572 »
155 2525 157 2532 ’
199 2521 256 2586 eit.
310 2520 380 2586 lam
410 2518 520 2585 enim
537 2517 637 2582 sub
628 2541 702 2609 ipsa
726 2514 863 2608 Olymp
894 2516 990 2598 CIX,
1013 2517 1036 2603 4
1070 2519 1246 2614 inceptam

201 2624 296 2690 urbis
325 2623 426 2688 huius
461 2620 670 2690 obsidionem
696 2617 864 2720 Diodorus
891 2619 996 2690 tradit
1015 2622 1118 2707 XVI,
1150 2625 1245 2716 76*);
1276 2709 1279 2716 Ι

201 2815 515 2834 ι--ι-ῌ

242 2955 267 3038 *)
289 2956 339 3020 Ad
361 2955 486 3019 eundem
506 2977 611 3017 annum
631 2957 754 3039 D'onys.
775 2957 796 3018 l.
818 2979 845 3022 c.
870 2980 916 3019 ao.
939 2959 1142 3021 Demosthenis
1164 2983 1246 3045 quo·

287 3068 347 3130 que
369 3046 527 3107 orationem
555 3043 620 3106 adv.
641 2982 770 3128 tlhitpp.
792 3045 838 3106 xl
858 3046 957 3125 refert,
986 3069 1045 3131 qua
1065 3049 1246 3117 Demosthe-

285 3155 352 3194 nem
383 3133 472 3194 tradit
499 3132 679 3194 cohortatum
709 3134 897 3194 Athenienses
931 3155 1007 3212 esse,
1041 3148 1092 3212 ut,
1125 3157 1245 3218 quum

284 3235 394 3302 rupta
409 3221 474 3280 iam
490 3241 557 3302 pax
578 3221 640 3299 sit,
661 3219 854 3301 Byzantiis
876 3221 1013 3280 auxilia
1034 3223 1243 3285 mitterent.

284 3307 326 3366 At
346 3305 414 3366 inde
435 3307 534 3389 colligi
556 3320 745 3390 conpotem,
774 3309 932 3368 orationem
959 3307 1032 3366 hano
1052 3309 1129 3369 inter
1149 3311 1244 3392 ipsam

226 3391 228 3396 ⁴
284 3393 340 3452 iam
360 3394 490 3474 Byzantii
512 3392 693 3455 obsidionem
712 3392 837 3452 habitam
859 3414 931 3454 esse.
974 3392 1027 3454 Est
1049 3396 1126 3454 enim
1145 3396 1244 3458 unde·

285 3481 356 3540 eima
384 3480 432 3538 illa
452 3481 586 3581 Dionysii
613 3480 775 3563 Philippica
802 3502 851 3557 ea,
880 3481 962 3542 cuius
990 3482 1131 3569 genuinae
1160 3499 1242 3545 certe

248 3593 250 3599 ·
284 3581 381 3649 partes
403 3561 543 3628 exstant
534 3590 564 3626 ιιι
587 3582 697 3650 quarta,
720 3587 871 3650 quamnos
894 3589 1044 3645 vocamus,
1065 3568 1241 3652 Philippica.

285 3654 368 3713 Hanc
393 3668 537 3714 auteme
521 3653 659 3738 equidem
686 3653 735 3714 Ol.
759 3653 882 3714 CIXa.
911 3651 1072 3724 dineunte
1105 3655 1241 3718 mediove

282 3739 408 3800 habitam
429 3739 565 3816 dixerim,
592 3739 750 3801 nondum
741 3756 855 3822 rneepta
876 3741 1005 3822 Byzantii
1033 3740 1187 3803 obsidione
1211 3759 1241 3804 et

283 3850 320 3888 ne
342 3825 480 3887 Perintho
503 3826 660 3910 quidem
651 3849 706 3886 ram
729 3828 875 3910 operibus
903 3829 1005 3888 clausa.
1048 3829 1161 3890 Nam'
1152 3853 1183 3889 ιιι
1207 3852 1241 3891 ea

283 3914 321 3974 ad
361 3913 557 3974 mittendos
549 3938 577 3974 ru
612 3914 739 3974 l'eraiam
774 3915 884 3997 legatos
917 3929 1014 3976 orator
1048 3916 1240 3978 Athenienses

282 4002 387 4062 exertat
408 4001 450 4084 (p
477 3995 561 4085 139),
582 3999 661 4062 uode
682 4001 836 4062 Perintbiis
857 4001 981 4064 obsessis
1008 4002 1064 4061 lata
1092 4017 1162 4065 sunt
1185 4022 1262 4063 au·

282 4089 385 4148 xilia
