2594 4672
592 245 748 345 A

150 429 239 480 stant
268 435 373 506 pauca
401 409 582 503 quaedam,
621 399 641 475 a
672 409 896 478 Demosthene
925 410 1068 507 exempli
1096 437 1191 484 causa

84 607 87 615 1
140 514 340 598 memorata,
363 513 556 608 quaefacta
577 529 655 581 sunt
676 531 753 583 ante
775 529 915 582 aetatem
930 515 1167 612 Philippicam.

93 740 96 742 ’
202 790 204 793 ,
236 727 352 817 Itaque
373 725 483 807 rebus,
507 749 650 817 quarum
670 723 708 790 in
736 725 885 794 oratione
906 723 949 791 de
971 747 1039 792 cor.
1061 730 1190 797 mentio

147 829 198 910 fit,
220 830 266 895 ita
289 831 465 920 segregatis
489 846 521 896 et
543 854 605 922 per
627 852 748 920 genera
774 828 959 921 dispositis,
990 854 1092 922 quam
1122 831 1210 900 dis-r

146 934 328 1026 putationis
351 952 483 1001 nostrae
504 936 592 999 viam
612 935 822 1024 persecuturi
844 934 963 1016 simus,
990 935 1068 1001 satis
1089 960 1189 1002 mon-

146 1054 284 1104 stratum
315 1054 372 1103 est.
423 1037 488 1104 Ser
521 1039 612 1102 enim
640 1037 805 1130 capitibus
835 1061 950 1105 omnes
977 1041 1188 1130 quaestiones

146 1136 358 1208 absolvendas
380 1139 462 1221 fore,
485 1131 633 1234 exposita
653 1140 755 1209 modo
776 1143 861 1208 ratio
877 1144 1057 1235 perspicue
1078 1140 1186 1212 docet.

145 1246 272 1312 Eorum
294 1247 407 1337 primo·
428 1243 470 1310 de
491 1247 532 1312 iis
554 1246 655 1310 rebus
683 1245 866 1312 dicendum
887 1247 967 1327 erit,
998 1271 1084 1338 quae
1105 1248 1188 1314 Phi-

145 1346 307 1442 lippieam
340 1365 480 1414 aetatem
508 1366 777 1440 praecesserunt3
809 1349 957 1418 secundo
987 1348 1187 1444 exponenda
1227 1372 1232 1381 '

144 1478 192 1535 ea,
216 1476 302 1545 quae
324 1455 415 1520 inter
435 1450 564 1518 bellum
585 1451 900 1543 Amphipolitanum
930 1453 972 1519 ab
998 1455 1186 1521 Athenien-

144 1557 234 1635 sibus
266 1582 343 1624 eum
371 1555 531 1648 Philippo
559 1573 688 1646 gestum
712 1556 798 1649 facta
826 1564 921 1640 sunt;
954 1556 1078 1624 deinde
1104 1581 1183 1626 vero

141 1663 249 1729 tribus
272 1661 435 1755 capitibus
458 1658 713 1750 complectenda
735 1682 783 1741 ca,
806 1682 894 1753 quae
915 1659 959 1726 ad
984 1662 1092 1754 ipsam
1114 1644 1198 1748 De·x

139 1767 324 1834 mosthenis
348 1764 674 1834 administrationem
694 1765 869 1858 pertinent
889 1788 996 1858 usque
1020 1764 1063 1832 ad
1083 1786 1184 1858 proe-
1224 1854 1226 1859 Ι

140 1869 224 1938 lium
242 1870 284 1938 ad
300 1872 528 1940 Chaeroneam
544 1871 766 1938 commissum.
790 1869 884 1953 Quae
905 1893 983 1939 vero
1004 1869 1096 1938 hunc
1117 1888 1184 1938 ter-

139 1977 272 2042 minum
293 1975 467 2063 exceduut,
484 1993 719 2069 opportunum
739 1974 854 2043 locum
874 1991 965 2043 sexto
994 1976 1102 2068 capite
1128 1975 1182 2042 in-

139 2081 291 2162 venient,
322 2104 391 2172 quo
413 2079 528 2147 ultima
561 2077 604 2146 de
626 2078 784 2147 orationis
807 2103 923 2162 causa,
957 2076 1000 2146 de
1028 2096 1181 2174 tempore

137 2182 209 2249 litis
237 2183 465 2273 abAesehine
498 2184 534 2246 in
563 2182 818 2274 Ctesiphontem
845 2186 1015 2252 institutae
1047 2202 1081 2252 et
1107 2208 1181 2252 ora-

139 2285 241 2353 tionis
265 2280 306 2350 de
329 2294 451 2353 corona
470 2285 603 2352 habitae
626 2288 776 2378 quaestio
797 2288 1000 2355 tractabitur.

226 2493 358 2560 Cuncta
379 2517 458 2562 vero
479 2492 563 2558 haec
585 2516 625 2559 ex
653 2495 821 2586 propositi
847 2495 955 2561 nostri
980 2496 1111 2564 ratione
1132 2497 1179 2564 ita

105 2663 107 2668 .
136 2595 371 2690 persequenda
402 2612 516 2677 erunt,
547 2613 585 2663 ut
617 2599 770 2664 omnium
798 2615 851 2667 et
863 2597 1085 2692 explanantur
1111 2622 1176 2684 res,

136 2720 168 2768 et
190 2718 349 2822 tempora
364 2724 424 2767 suo
441 2725 592 2792 quaeque
607 2700 726 2769 ordine
740 2701 992 2770 constituantur.
1037 2705 1077 2770 In
1091 2701 1178 2772 ἀιιο-

132 2804 195 2871 bus
222 2806 341 2897 primis
372 2805 537 2898 capitibus
566 2807 749 2873 accuratius
772 2790 915 2873 sortasse
950 2824 984 2875 et
1009 2809 1175 2928 copiosius
1215 2875 1217 2880 .

68 2986 70 2990 y
132 2910 262 3000 singula
285 2908 448 3001 quaedam
470 2910 616 2996 tractavi,
640 2934 741 3002 quam
756 2908 824 2978 loci
838 2908 1021 2979 conditio·
1003 2914 1175 3004 requirere

132 3013 297 3097 videatur,
320 3018 482 3081 rationem
503 3013 630 3081 habens
656 3015 883 3108 sequentium,
913 3032 948 3081 et
967 3017 1174 3108 perpetuita-

131 3135 201 3184 tem
223 3116 391 3210 quandam
413 3119 615 3197 narrationis
636 3141 702 3186 nec
723 3120 889 3211 ingratam
917 3119 989 3188 sore
1011 3121 1171 3190 arbitrans

130 3245 242 3315 neque
263 3222 414 3290 instituto
438 3239 550 3291 nostro
573 3218 738 3291 inutilem.

216 3431 425 3524 Temporum
447 3448 558 3521 autem
579 3431 823 3501 accuratissima
843 3433 1050 3525 investigatio
1072 3451 1110 3500 ut
1130 3437 1169 3501 iu
1237 3477 1241 3506 s

126 3535 320 3600 universum
341 3535 468 3629 probae
496 3558 612 3602 rerum
642 3538 843 3630 cognitionis
870 3539 1031 3631 princeps
1060 3538 1169 3630 quod-

127 3637 204 3703 dam
226 3638 480 3706 sundamentum
503 3658 561 3722 est,
584 3641 632 3707 ita
652 3641 690 3706 iu
711 3663 759 3708 or.
783 3640 826 3707 de
849 3666 916 3728 cor.
946 3643 988 3708 iis
1017 3665 1169 3734 praeser-

126 3743 188 3808 tim
210 3740 293 3809 loais
316 3742 584 3826 desiderabatur,
617 3744 740 3836 quibus
768 3743 900 3811 tabulae
931 3744 1087 3837 publicae
1113 3768 1169 3810 re·
1216 3762 1220 3773 ’

122 3848 313 3937 pariuntur.
358 3847 487 3913 Harum
507 3847 674 3941 plurimae
694 3849 860 3940 praefixos
884 3848 1021 3941 quidem
1042 3849 1168 3914 habent

123 3950 317 4031 archontes,
352 3953 472 4042 quihus
508 3953 678 4021 numerari
713 3951 804 4046 apud
834 3952 1055 4019 Athenienses
1086 3949 1167 4019 anui
