2594 4672
579 315 584 334 =
653 253 809 361 ..3⁸⁸2-

209 446 252 496 ut
271 425 351 494 belli
364 424 517 493 adversus
532 422 734 493 Macedones
756 423 789 490 ei
805 422 1075 494 communionem
1094 422 1254 496 offerrent

211 531 267 615 (cs.
277 530 377 598 Diod.
391 528 488 613 l..c.);'
504 545 581 621 post
592 529 687 594 Darii
696 545 839 595 mortem
852 527 995 613 Iustinus
1008 548 1145 620 quoque
1160 530 1252 618 (XII,

208 642 247 718 t)
261 632 463 714 Alexandro,
486 635 524 699 in
538 633 666 698 Parthis
677 633 831 712 versanti,
853 632 1023 723 Antipatri
1035 632 1194 723 epistolas
1206 633 1253 700 al·'

211 737 293 804 latas
315 755 437 818 narrat,
460 737 582 829 quibus
604 735 732 803 bellum
752 733 869 830 Agidis
896 736 983 827 regis
1006 734 1253 826 Spartanorum

208 842 409 908 nunciatum
437 840 489 907 sit
541 840 650 922 Quam
677 841 720 908 ob
754 863 828 906 rem
863 837 991 905 bellum
1019 838 1085 914 hoc
1121 858 1254 909 motum

212 969 282 1012 esse
307 943 489 1012 ,verisimile
518 960 581 1023 est,
615 942 653 1010 id
681 941 774 1038 quod
802 942 971 1033 Diodorus
1003 944 1101 1011 etiam
1127 943 1252 1013 diserte

211 1048 306 1131 dicit,
327 1064 404 1142 post
424 1049 598 1115 victoriam
617 1046 659 1113 ad
679 1046 805 1114 Arbela
816 1064 956 1123 exeunte
978 1047 1118 1142 Olymp.
1144 1049 1253 1135 CXII,

206 1176 243 1233 2,
267 1150 488 1219 defectoribus
510 1149 692 1217 Alexandri
708 1153 745 1215 in
765 1151 999 1218 remotissimas
1020 1152 1121 1218 Asiae
1143 1155 1254 1245 regio-

140 1282 150 1297 =
208 1279 271 1323 nes
292 1245 532 1344 profectionem
554 1270 626 1320 tum
648 1272 858 1322 consecutam
885 1252 1031 1321 consiliis
1051 1257 1129 1343 suis
1159 1281 1253 1348 egre-

205 1360 265 1450 gie
292 1357 400 1424 favere
429 1357 701 1424 existimantibus.
753 1358 806 1424 De
834 1356 900 1424 hoc
929 1355 1018 1424 bello
1049 1376 1163 1424 antem
1185 1361 1253 1427 Ae-

209 1461 360 1529 schines:
382 1462 628 1546 Λακειλοιιμόνιοι
648 1462 705 1545 μέν
726 1462 822 1535 uulso
846 1461 961 1541 ξενικὸν
981 1461 1128 1546 ἐπέτνχον
1149 1454 1249 1555 μάχῃ,

209 1569 261 1634 κοιλ
283 1566 466 1654 διέφθειραν
479 1565 557 1643 τοὺς.
574 1569 642 1655 περὶ
663 1562 830 1656 Κόρῥοιγον
851 1564 1060 1654 στρατιώτας·
1079 1566 1203 1634 Ἦλεῒοι
1225 1572 1251 1636 δ’

117 1678 119 1697 ²
208 1670 316 1749 αὐτοῖς
347 1669 634 1754 σομμετεβᾶλλοντο
661 1671 712 1736 κοιλ
733 1669 851 1753 Ἀχαιοὶ
877 1670 990 1747 πάντες
1014 1669 1097 1756 πλὴν
1121 1676 1251 1761 Πελλη-

207 1776 305 1843 ναίων
336 1776 387 1840 καλ
413 1773 564 1862 Ἀρκαδία
591 1780 678 1855 πᾶσα
712 1773 793 1858 πλὴν
818 1772 971 1860 Μεγάλης
1001 1774 1134 1853 πόλεως·
1169 1778 1248 1864 αὕτη

95 1914 98 1918 ·
207 1881 236 1946 δ’
273 1881 493 1965 ἐπολιορκεῖτο,
527 1879 578 1944 καλ
611 1880 684 1944 καθ’
717 1875 849 1964 ἑκάστην
880 1875 1000 1965 ἡμέραν
1033 1881 1178 1963 ἐμλδοξ-ος
1210 1864 1249 1968 ἦν

203 1979 340 2048 ἁλῶναι·
357 1978 381 2047 4ὁ
405 1981 433 2048 δ’
450 1976 652 2068 Ἀλέξανδρος
673 1980 735 2060 ἔξω
762 1987 820 2059 τῆς
844 1981 960 2067 ἄρκτον
986 1986 1037 2049 καλ
1064 1989 1122 2068 τῆς
1143 1983 1248 2051 ciaco-

206 2086 303 2172 μένης
334 2085 537 2178 ὀλίγον-δεῖν
569 2083 672 2170 πάσης
703 2083 915 2170 μεθειστήκει,
945 2081 962 2152 ὃ
992 2089 1025 2176 (λ
1043 2085 1247 2174 Ἀντίπατρος

205 2190 331 2267 πολὺν
349 2188 491 2278 χρόνον
514 2194 623 2275 συνῆγε
645 2187 866 2276 στρατόπεδον,
889 2189 926 2255 τὸ
950 2191 977 2256 δ’
999 2190 1143 2274 ἐσόμενον
1163 2189 1245 2276 ἄτλη-

206 2299 262 2376 λον
282 2288 322 2381 ἦν
343 2301 403 2377 (or.
426 2294 463 2358 in
487 2292 574 2361 Ctes.
603 2317 637 2385 p.
663 2300 726 2384 77).
772 2293 889 2384 ltaque
918 2294 980 2359 sub
1002 2290 1156 2360 medium
1175 2293 1245 2361 lere

206 2396 482 2490 annumOIymp.
497 2397 604 2478 CXII,
627 2399 658 2478 3,
680 2397 841 2463 nimirum
854 2397 994 2466 finiente
1012 2415 1144 2482 aestate,
1167 2423 1246 2467 con-

205 2519 403 2569 sentaneum
426 2520 475 2569 est
495 2501 613 2590 fractas
641 2500 682 2566 ab
704 2503 882 2593 Antipatro
904 2501 1245 2571 Lacedaemoniorum

145 2631 147 2636 ·
203 2607 289 2672 sires
323 2629 391 2672 esse
428 2606 496 2672 acri
525 2605 656 2697 proelio
686 2603 759 2688 illo,
792 2607 830 2671 in
860 2628 925 2697 quo
956 2608 1037 2699 Agis
1068 2607 1246 2700 gloriosam

202 2727 346 2777 mortem
375 2709 531 2777 occubuit
558 2707 724 2792 (Diodor.
741 2709 857 2790 XVII,
890 2711 943 2776 62.
1000 2710 1184 2794 Curt..Vl,
1216 2737 1243 2794 1,

205 2812 248 2880 16
269 2818 345 2906 sqq.
388 2812 505 2878 Iustin.
536 2812 618 2892 XII,
645 2815 687 2898 1).
731 2812 804 2881 Hoc
833 2813 920 2882 facto
949 2834 1147 2884 convocatae
1180 2817 1244 2885 Co·

200 2917 354 2986 rinthum
376 2933 454 2983 sunt
468 2915 628 2982 Graeciae
649 2917 806 2998 civitates,
830 2943 849 2984 a
868 2918 1141 2992 Lacedaemoniis
1156 2922 1242 2989 obsi·

202 3020 261 3090 des
284 3022 528 3115 quinquaginta
555 3020 731 3112 Antipatro
765 3022 834 3088 dati
872 3021 1038 3116 legatique
1066 3026 1105 3091 in
1128 3027 1242 3092 Asiam

200 3125 246 3192 ad
266 3125 492 3193 Alexandrum
512 3125 614 3206 missi,
638 3127 699 3218 qui
727 3129 814 3218 regis
844 3126 1055 3195 clementiam
1082 3128 1240 3221 implora·

173 3248 288 3306 vrent.⁴
330 3228 652 3321 Diod.xV11‚73.
699 3231 792 3299 Curt.
815 3231 882 3310 Vl,
906 3255 941 3312 1,
964 3255 1018 3300 ao.
1062 3234 1107 3301 Et
1128 3236 1240 3326 ipsum

90 3403 92 3408 ,
201 3335 400 3401 atiambunc
410 3333 494 3401 belli
505 3334 848 3402 eventumAeschines
857 3335 910 3401 bis
922 3336 1030 3403 verbis
1038 3361 1239 3407 commemo·

199 3455 268 3505 rat:
290 3437 538 3523 Λακεδαιμόνιοι
568 3439 653 3505 δ’-οἶ
671 3439 871 3529 ,ταλαίπωροι
900 3478 940 3490 -
962 3447 1019 3508 νῦν
1045 3440 1237 3532 ὃμηρεῦσον*

199 3565 251 3618 τις
271 3543 322 3608 καὶ
344 3548 401 3627 τῆς
422 3548 587 3630 συμφορᾶς
613 3545 756 3622 ἐπίδειξιν
781 3542 977 3630 ποιησόμενοι
1002 3547 1170 3629 μέλλουσιν
1198 3545 1237 3625 cit

194 3643 672 3733 Ἅλέξανὸρονᾶναπὲμπεσθοι,
693 3653 786 3714 τοῦτο
808 3647 983 3733 πεισόμενοι
1004 3652 1055 3716 καὶ
1077 3651 1168 3719 αὐτοὶ
1185 3654 1236 3719 sol

136 3769 139 3777 ·
198 3745 372 3836 ἧπατρίς,
410 3749 488 3821 ὅτι
509 3751 549 3817 ἂν
569 3753 671 3840 ἐκείνῳ
694 3749 789 3840 otta.-
817 3754 855 3817 in
878 3752 965 3820 Ctes.
987 3777 1022 3845 p.
1046 3777 1098 3844 72.
1146 3758 1236 3840 Quae

200 3877 308 3947 quum
329 3855 375 3921 ita
396 3854 477 3936 sint,
507 3853 608 3922 altera
628 3871 721 3946 parte
753 3857 834 3921 anni
857 3855 994 3950 Olymp.
1018 3858 1118 3926 CXII
1150 3859 1236 3928 tertii

198 3958 374 4052 probabile
411 3977 459 4030 est
486 3972 596 4027 actum
626 3955 668 4023 de
704 3981 827 4028 corona
862 3980 1029 4031 certamen
1061 3987 1143 4031 esse.
1196 3965 1235 4030 Et

78 4064 96 4147 J
195 4084 333 4140 excussa
360 4062 443 4153 haec
470 4090 489 4130 a
517 4088 570 4131 me
597 4064 779 4133 accuratius
802 4084 892 4147 sunt,
921 4091 987 4158 quo
1011 4069 1135 4166 certius
1159 4093 1233 4139 con·
