2594 4672
536 256 537 261 ¹
605 239 671 287 xvi,

565 308 720 324 *ιι-ι-
753 298 763 309 ‘

122 389 240 470 editas
268 393 314 467 de
348 391 446 466 bello
477 392 790 493 Amphipolitano,
817 387 864 462 de
893 384 1073 483 Olyntho,
1102 388 1151 463 de

119 543 214 618 pace
240 517 358 616 prima
384 518 478 588 inter
504 512 715 612 Philippum
750 526 787 583 et
812 507 1053 581 Athenienses
1084 534 1153 606 per

121 639 265 739 legatos
293 618 567 726 celeberrimos
584 634 801 730 composita,
826 625 1018 727 inquibus
1033 627 1155 727 plura,

61 843 67 850 ,
124 784 220 858 quae
236 756 354 830 tribus
370 755 500 852 primis
524 749 708 852 capitibus
727 768 749 823 ‘a
769 775 828 823 nte
851 747 1036 848 disputata
1057 767 1154 842 sunt,

122 878 318 980 diligenter
331 891 379 948 et
407 876 562 972 copiose
580 871 769 974 explorata
785 872 1031 963 inveniuntur,
1057 894 1155 970 nuss-

95 991 234 1099 ‘quam
249 997 485 1095 respexerim.
537 992 644 1069 Illum'
669 995 766 1065 enim
787 991 907 1066 fateor
923 994 1073 1068 omnino
1094 1021 1154 1068 me

123 1119 173 1192 ad
187 1142 316 1191 manus
342 1139 418 1188 non
444 1111 635 1205 habuisse,
668 1111 756 1204 hae,
784 1112 889 1215 quod
917 1111 964 1188 de
993 1116 1158 1190 Clintoni

121 1265 275 1340 quoque
290 1239 408 1310 Fastis
423 1235 619 1313 Hellenicis
634 1235 780 1326 moneo,
796 1224 914 1310 serius
933 1235 1023 1309 mihi
1039 1240 1154 1310 inno-

123 1374 284 1451 tuerunt,
311 1360 426 1436 serius
444 1383 593 1457 quoque
610 1356 658 1429 ad
683 1349 743 1431 me
755 1375 1015 1457 pervenerunt,
1043 1382 1154 1455 quam

122 1457 164 1553 ut
200 1484 253 1553 eis
289 1478 410 1554 adhuc
445 1481 498 1551 nti
531 1484 726 1578 potuerim.
785 1478 952 1578 Reliqua,
986 1499 1081 1575 quae
1115 1479 1153 1547 in

125 1599 382 1701 dispositionis
426 1582 622 1700 elegantia,
662 1606 698 1670 in
741 1598 978 1669 enarrationis
1019 1594 1153 1671 brevi-

122 1739 206 1814 tate,
234 1726 273 1795 in
299 1722 473 1795 orationis
494 1717 673 1791 munditie
702 1734 738 1790 et
763 1717 982 1816 integritate,
1009 1719 1045 1787 in
1073 1716 1166 1792 aliis'

123 1844 421 1943 quibuscumque
447 1853 599 1936 peccata
632 1824 724 1927 sint,
750 1838 807 1909 Tu
841 1853 952 1930 certe,
978 1839 1153 1934 Boeckhi,

124 1961 338 2051 excusabis,
375 1959 439 2057 qui
472 1982 532 2031 me
548 1966 724 2060 meaque
757 1973 926 2062 tempora
964 1963 1079 2051 nosti,
1115 1979 1153 2036 et

124 2108 219 2183 opus
254 2069 330 2154 hoc
363 2081 583 2152 necessitate
616 2081 778 2179 primum
811 2083 1007 2175 maturius,
1040 2099 1171 2183 quam

122 2204 296 2304 religiosa
323 2203 416 2274 ratio
444 2202 604 2290 iusserit,
632 2203 839 2301 extorqueri
857 2202 958 2295 mihi,
985 2211 1063 2276 turn
1088 2208 1152 2277 iu-

22 2322 26 2334 “
122 2324 179 2399 ter
206 2321 363 2396 acerbos
388 2324 485 2395 vitae
509 2322 671 2421 impetus
699 2324 885 2428 animique
910 2351 1043 2428 graves
1057 2351 1152 2426 per-

121 2445 352 2520 'turbationes
386 2466 597 2518 accrescere
634 2442 730 2517 bene
769 2449 989 2530 memineris.
1049 2452 1150 2542 Quae

125 2566 276 2667 quidem
309 2569 489 2638 non-Tua
517 2589 627 2639 causa
654 2575 921 2659 commemoro,
956 2568 1023 2642 sed
1049 2568 1151 2671 quod

35 2740 38 2745 .
106 2687 244 2761 'solatii
269 2685 536 2783 lenimentique
571 2709 639 2784 per
666 2689 782 2758 Tuam
816 2685 907 2759 mihi
940 2686 1152 2764 humanita⁶

72 2788 75 2799 ’
122 2827 196 2882 tem
230 2807 326 2883 allati
367 2808 572 2906 gratissima
608 2808 739 2880 iterum
774 2831 844 2880 nec
879 2809 1054 2908 uinquam
1086 2837 1152 2884 re-

121 2925 318 3030 primenda
345 2922 382 2999 in
409 2929 570 3000 animum
596 2953 718 3000 meum
745 2927 841 3001 redit
867 2933 1053 3003 memoria.
1107 2939 1152 3006 At

121 3051 208 3125 huic
236 3053 307 3123 ianr
336 3048 562 3123 satisfactum
577 3052 634 3122 sit.
687 3049 774 3126 Vale
801 3053 885 3142 iam,
914 3032 1151 3156 viregregie,

121 3171 222 3263 vale,
247 3170 418 3270 Tibique,
455 3169 557 3270 quod
590 3173 654 3269 pio
682 3195 831 3270 semper
857 3174 979 3244 animo
1007 3196 1152 3271 precor,

2 3385 5 3395 Ι
123 3298 309 3394 quamque
336 3294 438 3365 Deus
470 3291 618 3383 horam,
651 3291 848 3392 quodque.
866 3291 1028 3366 fortunet
1056 3318 1152 3370 con·

122 3415 252 3488 silium.
306 3412 760 3487 ScribebamMonasterii
777 3412 1049 3491 Guestfalorum
1077 3420 1153 3492 Ca-

121 3535 242 3641 lendis
269 3533 483 3609 Februariis
510 3535 800 3613 MDCCCXXIX.
829 3551 832 3557 ’
881 3630 886 3647 ,
