<?xml version="1.0" encoding="UTF-8"?>
<!DOCTYPE html PUBLIC "-//W3C//DTD XHTML 1.0 Transitional//EN"
    "http://www.w3.org/TR/xhtml1/DTD/xhtml1-transitional.dtd">
<html xmlns="http://www.w3.org/1999/xhtml" xml:lang="en" lang="en">
 <head>
  <title>
</title>
<meta http-equiv="Content-Type" content="text/html;charset=utf-8" />
  <meta name='ocr-system' content='tesseract 3.04.00' />
  <meta name='ocr-capabilities' content='ocr_page ocr_carea ocr_par ocr_line ocrx_word'/>
</head>
<body>
  <div class='ocr_page' id='page_1' title='image "./commentariihist00wiengoog_0114.png"; bbox 0 0 2594 4672; ppageno 0'>
   <div class='ocr_carea' id='block_1_1' title="bbox 523 234 664 306">
    <p class='ocr_par' dir='ltr' id='par_1_1' title="bbox 523 234 664 306">
     <span class='ocr_line' id='line_1_1' title="bbox 523 234 664 306; baseline -0.035 0"><span class='ocrx_word' id='word_1_1' title='bbox 523 234 664 306; x_wconf 60' lang='grc'><strong>491</strong></span> 
     </span>
    </p>
   </div>
   <div class='ocr_carea' id='block_1_2' title="bbox 53 400 1265 488">
    <p class='ocr_par' dir='ltr' id='par_1_2' title="bbox 53 400 1265 488">
     <span class='ocr_line' id='line_1_2' title="bbox 53 400 1265 488; baseline 0 -16"><span class='ocrx_word' id='word_1_2' title='bbox 53 482 56 487; x_wconf 46' lang='grc'><em>,</em></span> <span class='ocrx_word' id='word_1_3' title='bbox 125 429 180 472; x_wconf 89' lang='lat' dir='ltr'><strong>sus</strong></span> <span class='ocrx_word' id='word_1_4' title='bbox 209 403 248 472; x_wconf 90' lang='lat' dir='ltr'><strong>fit</strong></span> <span class='ocrx_word' id='word_1_5' title='bbox 275 405 411 471; x_wconf 89' lang='lat' dir='ltr'><strong>mentio.</strong></span> <span class='ocrx_word' id='word_1_6' title='bbox 456 400 591 471; x_wconf 84' lang='lat' dir='ltr'>Deinde</span> <span class='ocrx_word' id='word_1_7' title='bbox 616 427 688 471; x_wconf 91' lang='lat' dir='ltr'><strong>non</strong></span> <span class='ocrx_word' id='word_1_8' title='bbox 713 418 844 471; x_wconf 88' lang='lat' dir='ltr'><strong>senatus</strong></span> <span class='ocrx_word' id='word_1_9' title='bbox 872 403 1078 488; x_wconf 88' lang='lat' dir='ltr'><strong>consultum,</strong></span> <span class='ocrx_word' id='word_1_10' title='bbox 1106 403 1167 473; x_wconf 90' lang='lat' dir='ltr'><strong>sed</strong></span> <span class='ocrx_word' id='word_1_11' title='bbox 1262 424 1265 431; x_wconf 82' lang='lat'>&#39;</span> 
     </span>
    </p>
   </div>
   <div class='ocr_carea' id='block_1_3' title="bbox 104 495 1234 2475">
    <p class='ocr_par' dir='ltr' id='par_1_3' title="bbox 104 495 1234 2475">
     <span class='ocr_line' id='line_1_3' title="bbox 119 495 1167 601; baseline 0.002 -27"><span class='ocrx_word' id='word_1_12' title='bbox 119 510 169 595; x_wconf 76' lang='lat' dir='ltr'><strong>‘de</strong></span> <span class='ocrx_word' id='word_1_13' title='bbox 199 508 350 575; x_wconf 84' lang='lat' dir='ltr'><strong>creandis</strong></span> <span class='ocrx_word' id='word_1_14' title='bbox 381 507 495 599; x_wconf 87' lang='lat' dir='ltr'><strong>legatis</strong></span> <span class='ocrx_word' id='word_1_15' title='bbox 524 506 764 601; x_wconf 87' lang='lat' dir='ltr'><strong>populiscitum</strong></span> <span class='ocrx_word' id='word_1_16' title='bbox 793 532 861 577; x_wconf 89' lang='lat' dir='ltr'><strong>esse</strong></span> <span class='ocrx_word' id='word_1_17' title='bbox 889 509 989 576; x_wconf 87' lang='lat' dir='ltr'><strong>verba</strong></span> <span class='ocrx_word' id='word_1_18' title='bbox 1014 495 1167 594; x_wconf 68' lang='grc' dir='ltr'><em>δεδόχθοῖι</em></span> 
     </span>
     <span class='ocr_line' id='line_1_4' title="bbox 124 611 1166 705; baseline 0 -26"><span class='ocrx_word' id='word_1_19' title='bbox 124 619 164 702; x_wconf 78' lang='grc' dir='ltr'><strong>τῇ</strong></span> <span class='ocrx_word' id='word_1_20' title='bbox 196 619 295 702; x_wconf 75' lang='grc' dir='ltr'><strong><em>βουλῇ</em></strong></span> <span class='ocrx_word' id='word_1_21' title='bbox 324 615 374 679; x_wconf 83' lang='grc' dir='ltr'><strong>και</strong></span> <span class='ocrx_word' id='word_1_22' title='bbox 396 619 441 703; x_wconf 77' lang='grc' dir='ltr'><strong>τῷ</strong></span> <span class='ocrx_word' id='word_1_23' title='bbox 463 612 553 703; x_wconf 78' lang='grc' dir='ltr'><em>δήμῳ</em></span> <span class='ocrx_word' id='word_1_24' title='bbox 575 613 718 701; x_wconf 73' lang='grc' dir='ltr'><em>πρέσβεις</em></span> <span class='ocrx_word' id='word_1_25' title='bbox 746 612 796 679; x_wconf 76' lang='grc' dir='ltr'><strong>ἑλέ</strong></span> <span class='ocrx_word' id='word_1_26' title='bbox 796 621 873 680; x_wconf 68' lang='grc' dir='ltr'><strong><em>σθαι</em></strong></span> <span class='ocrx_word' id='word_1_27' title='bbox 900 611 990 680; x_wconf 87' lang='lat' dir='ltr'><strong>haud</strong></span> <span class='ocrx_word' id='word_1_28' title='bbox 1010 614 1166 705; x_wconf 82' lang='lat' dir='ltr'>ambigue</span> 
     </span>
     <span class='ocr_line' id='line_1_5' title="bbox 124 681 1166 809; baseline 0.001 -26"><span class='ocrx_word' id='word_1_29' title='bbox 124 716 274 783; x_wconf 90' lang='lat' dir='ltr'><strong>indicare</strong></span> <span class='ocrx_word' id='word_1_30' title='bbox 288 681 453 784; x_wconf 76' lang='lat' dir='ltr'><strong>videntuh.</strong></span> <span class='ocrx_word' id='word_1_31' title='bbox 498 715 726 785; x_wconf 87' lang='lat' dir='ltr'><strong>Nihilominus</strong></span> <span class='ocrx_word' id='word_1_32' title='bbox 742 720 983 809; x_wconf 83' lang='lat' dir='ltr'><strong>repugnantiae</strong></span> <span class='ocrx_word' id='word_1_33' title='bbox 997 719 1078 786; x_wconf 90' lang='lat' dir='ltr'><strong>istae</strong></span> <span class='ocrx_word' id='word_1_34' title='bbox 1094 719 1166 784; x_wconf 89' lang='lat' dir='ltr'><strong>sine</strong></span> 
     </span>
     <span class='ocr_line' id='line_1_6' title="bbox 123 802 1166 916; baseline 0 -27"><span class='ocrx_word' id='word_1_35' title='bbox 123 844 245 914; x_wconf 86' lang='lat' dir='ltr'><strong>magna</strong></span> <span class='ocrx_word' id='word_1_36' title='bbox 259 819 450 892; x_wconf 81' lang='lat' dir='ltr'><strong>difficultate</strong></span> <span class='ocrx_word' id='word_1_37' title='bbox 463 821 545 891; x_wconf 92' lang='lat' dir='ltr'><strong>solvi</strong></span> <span class='ocrx_word' id='word_1_38' title='bbox 557 802 737 914; x_wconf 83' lang='lat' dir='ltr'><strong>potuerint.</strong></span> <span class='ocrx_word' id='word_1_39' title='bbox 776 823 863 890; x_wconf 88' lang='lat' dir='ltr'><strong>Nam</strong></span> <span class='ocrx_word' id='word_1_40' title='bbox 877 848 994 916; x_wconf 87' lang='lat' dir='ltr'><strong>quum,</strong></span> <span class='ocrx_word' id='word_1_41' title='bbox 1016 840 1054 890; x_wconf 93' lang='lat' dir='ltr'><strong>ut</strong></span> <span class='ocrx_word' id='word_1_42' title='bbox 1065 821 1166 890; x_wconf 92' lang='lat' dir='ltr'><strong>modo</strong></span> 
     </span>
     <span class='ocr_line' id='line_1_7' title="bbox 124 925 1166 1020; baseline 0.001 -28"><span class='ocrx_word' id='word_1_43' title='bbox 124 926 278 1007; x_wconf 88' lang='lat' dir='ltr'><strong>vidimus,</strong></span> <span class='ocrx_word' id='word_1_44' title='bbox 301 925 523 997; x_wconf 86' lang='lat' dir='ltr'><strong>maturandi</strong></span> <span class='ocrx_word' id='word_1_45' title='bbox 513 927 643 993; x_wconf 80' lang='lat' dir='ltr'><strong>itineris</strong></span> <span class='ocrx_word' id='word_1_46' title='bbox 663 925 847 1019; x_wconf 84' lang='lat' dir='ltr'><strong>legatorum</strong></span> <span class='ocrx_word' id='word_1_47' title='bbox 868 927 1015 1020; x_wconf 89' lang='lat' dir='ltr'><strong>populus</strong></span> <span class='ocrx_word' id='word_1_48' title='bbox 1037 928 1166 994; x_wconf 87' lang='lat' dir='ltr'><strong>senatui</strong></span> 
     </span>
     <span class='ocr_line' id='line_1_8' title="bbox 123 1028 1167 1124; baseline -0.001 -26"><span class='ocrx_word' id='word_1_49' title='bbox 123 1048 321 1124; x_wconf 91' lang='lat' dir='ltr'><strong>potestatem</strong></span> <span class='ocrx_word' id='word_1_50' title='bbox 341 1028 486 1113; x_wconf 81' lang='lat' dir='ltr'><strong>fecisset,</strong></span> <span class='ocrx_word' id='word_1_51' title='bbox 517 1030 602 1124; x_wconf 91' lang='lat' dir='ltr'><strong>quid</strong></span> <span class='ocrx_word' id='word_1_52' title='bbox 622 1033 660 1098; x_wconf 91' lang='lat' dir='ltr'><strong>ni</strong></span> <span class='ocrx_word' id='word_1_53' title='bbox 682 1032 926 1099; x_wconf 81' lang='lat' dir='ltr'><strong>Demosthenes</strong></span> <span class='ocrx_word' id='word_1_54' title='bbox 948 1031 1091 1099; x_wconf 85' lang='lat' dir='ltr'><strong>formula</strong></span> <span class='ocrx_word' id='word_1_55' title='bbox 1114 1035 1167 1097; x_wconf 52' lang='lat' dir='ltr'><strong>da</strong></span> 
     </span>
     <span class='ocr_line' id='line_1_9' title="bbox 124 1133 1166 1227; baseline 0.001 -25"><span class='ocrx_word' id='word_1_56' title='bbox 124 1136 242 1220; x_wconf 73' lang='grc' dir='ltr'><em>ὃόχθαι</em></span> <span class='ocrx_word' id='word_1_57' title='bbox 265 1142 424 1224; x_wconf 72' lang='grc' dir='ltr'><strong><em>τῇβοολῇ</em></strong></span> <span class='ocrx_word' id='word_1_58' title='bbox 446 1139 562 1226; x_wconf 79' lang='grc' dir='ltr'><strong><em>καὶτῷ</em></strong></span> <span class='ocrx_word' id='word_1_59' title='bbox 591 1136 681 1227; x_wconf 78' lang='grc' dir='ltr'><strong>δήμῳ</strong></span> <span class='ocrx_word' id='word_1_60' title='bbox 708 1138 759 1202; x_wconf 89' lang='lat' dir='ltr'><strong>uti</strong></span> <span class='ocrx_word' id='word_1_61' title='bbox 786 1139 823 1204; x_wconf 92' lang='lat' dir='ltr'><strong>in</strong></span> <span class='ocrx_word' id='word_1_62' title='bbox 853 1154 985 1205; x_wconf 88' lang='lat' dir='ltr'><strong>senatus</strong></span> <span class='ocrx_word' id='word_1_63' title='bbox 1014 1133 1166 1203; x_wconf 89' lang='lat' dir='ltr'><strong>consulto</strong></span> 
     </span>
     <span class='ocr_line' id='line_1_10' title="bbox 123 1238 1167 1334; baseline 0.001 -28"><span class='ocrx_word' id='word_1_64' title='bbox 123 1242 250 1334; x_wconf 87' lang='lat' dir='ltr'><strong>potuit,</strong></span> <span class='ocrx_word' id='word_1_65' title='bbox 280 1263 350 1321; x_wconf 78' lang='lat' dir='ltr'><strong>non</strong></span> <span class='ocrx_word' id='word_1_66' title='bbox 372 1254 503 1307; x_wconf 89' lang='lat' dir='ltr'><strong>senatus</strong></span> <span class='ocrx_word' id='word_1_67' title='bbox 525 1239 643 1322; x_wconf 90' lang='lat' dir='ltr'><strong>solius,</strong></span> <span class='ocrx_word' id='word_1_68' title='bbox 670 1238 730 1308; x_wconf 88' lang='lat' dir='ltr'><strong>sed</strong></span> <span class='ocrx_word' id='word_1_69' title='bbox 750 1239 870 1332; x_wconf 89' lang='lat' dir='ltr'><strong>populi</strong></span> <span class='ocrx_word' id='word_1_70' title='bbox 892 1263 1029 1332; x_wconf 88' lang='lat' dir='ltr'><strong>quoque</strong></span> <span class='ocrx_word' id='word_1_71' title='bbox 1051 1258 1167 1307; x_wconf 85' lang='lat' dir='ltr'><strong>auoto-</strong></span> 
     </span>
     <span class='ocr_line' id='line_1_11' title="bbox 123 1343 1168 1436; baseline 0 -26"><span class='ocrx_word' id='word_1_72' title='bbox 123 1346 282 1410; x_wconf 68' lang='lat' dir='ltr'><strong>ritate‘ac</strong></span> <span class='ocrx_word' id='word_1_73' title='bbox 304 1343 474 1411; x_wconf 87' lang='lat' dir='ltr'><strong>voluntate</strong></span> <span class='ocrx_word' id='word_1_74' title='bbox 495 1344 706 1435; x_wconf 73' lang='lat' dir='ltr'><strong>conscripto?</strong></span> <span class='ocrx_word' id='word_1_75' title='bbox 732 1343 868 1411; x_wconf 88' lang='lat' dir='ltr'><strong>Deinde</strong></span> <span class='ocrx_word' id='word_1_76' title='bbox 890 1343 980 1436; x_wconf 90' lang='lat' dir='ltr'><strong>quod</strong></span> <span class='ocrx_word' id='word_1_77' title='bbox 1002 1345 1046 1412; x_wconf 90' lang='lat' dir='ltr'><strong>ad</strong></span> <span class='ocrx_word' id='word_1_78' title='bbox 1065 1344 1168 1412; x_wconf 87' lang='lat' dir='ltr'><strong>verba</strong></span> 
     </span>
     <span class='ocr_line' id='line_1_12' title="bbox 124 1448 1168 1535; baseline -0.002 -21"><span class='ocrx_word' id='word_1_79' title='bbox 124 1451 243 1515; x_wconf 81' lang='lat' dir='ltr'><strong>attinet</strong></span> <span class='ocrx_word' id='word_1_80' title='bbox 268 1449 325 1514; x_wconf 81' lang='grc' dir='ltr'><strong>τὸν</strong></span> <span class='ocrx_word' id='word_1_81' title='bbox 352 1451 386 1515; x_wconf 78' lang='grc' dir='ltr'><strong>δὲ</strong></span> <span class='ocrx_word' id='word_1_82' title='bbox 416 1448 591 1535; x_wconf 78' lang='grc' dir='ltr'><em>στρατηγὸν</em></span> <span class='ocrx_word' id='word_1_83' title='bbox 617 1448 778 1535; x_wconf 81' lang='grc' dir='ltr'><strong>Πρόξενον</strong></span> <span class='ocrx_word' id='word_1_84' title='bbox 810 1451 943 1533; x_wconf 79' lang='grc' dir='ltr'><strong><em>κομίζειν</em></strong></span> <span class='ocrx_word' id='word_1_85' title='bbox 972 1449 1087 1527; x_wconf 75' lang='grc' dir='ltr'><strong><em>αὐτοὺς</em></strong></span> <span class='ocrx_word' id='word_1_86' title='bbox 1118 1450 1168 1516; x_wconf 74' lang='lat' dir='ltr'><strong>tut</strong></span> 
     </span>
     <span class='ocr_line' id='line_1_13' title="bbox 124 1551 1167 1638; baseline -0.003 -18"><span class='ocrx_word' id='word_1_87' title='bbox 124 1554 199 1630; x_wconf 71' lang='grc' dir='ltr'><strong><em>τοὺς</em></strong></span> <span class='ocrx_word' id='word_1_88' title='bbox 220 1551 345 1635; x_wconf 80' lang='grc' dir='ltr'><strong><em>τόπους,</em></strong></span> <span class='ocrx_word' id='word_1_89' title='bbox 370 1553 403 1620; x_wconf 70' lang='grc' dir='ltr'><strong>ἐν</strong></span> <span class='ocrx_word' id='word_1_90' title='bbox 424 1551 471 1630; x_wconf 81' lang='grc' dir='ltr'><strong>οἷς</strong></span> <span class='ocrx_word' id='word_1_91' title='bbox 493 1553 532 1619; x_wconf 76' lang='grc' dir='ltr'><strong>ἂν</strong></span> <span class='ocrx_word' id='word_1_92' title='bbox 554 1552 631 1620; x_wconf 73' lang='grc' dir='ltr'><strong>ὄντα</strong></span> <span class='ocrx_word' id='word_1_93' title='bbox 655 1555 811 1630; x_wconf 73' lang='grc' dir='ltr'><strong><em>Φίλιππον</em></strong></span> <span class='ocrx_word' id='word_1_94' title='bbox 836 1551 1044 1638; x_wconf 73' lang='grc' dir='ltr'><strong><em>πυνθάνηται,</em></strong></span> <span class='ocrx_word' id='word_1_95' title='bbox 1069 1576 1107 1618; x_wconf 88' lang='lat' dir='ltr'><strong>ea</strong></span> <span class='ocrx_word' id='word_1_96' title='bbox 1129 1554 1167 1618; x_wconf 88' lang='lat' dir='ltr'><strong>iu</strong></span> 
     </span>
     <span class='ocr_line' id='line_1_14' title="bbox 125 1655 1168 1751; baseline 0.002 -29"><span class='ocrx_word' id='word_1_97' title='bbox 125 1656 249 1724; x_wconf 78' lang='lat' dir='ltr'><strong>decreti</strong></span> <span class='ocrx_word' id='word_1_98' title='bbox 271 1657 476 1751; x_wconf 86' lang='lat' dir='ltr'><strong>autographo</strong></span> <span class='ocrx_word' id='word_1_99' title='bbox 499 1675 630 1723; x_wconf 86' lang='lat' dir='ltr'><strong>exarata</strong></span> <span class='ocrx_word' id='word_1_100' title='bbox 650 1656 763 1737; x_wconf 84' lang='lat' dir='ltr'><strong>fuisse,</strong></span> <span class='ocrx_word' id='word_1_101' title='bbox 786 1655 931 1723; x_wconf 85' lang='lat' dir='ltr'><strong>dubitari</strong></span> <span class='ocrx_word' id='word_1_102' title='bbox 951 1680 1168 1749; x_wconf 88' lang='lat' dir='ltr'><strong>nequaquam</strong></span> 
     </span>
     <span class='ocr_line' id='line_1_15' title="bbox 124 1760 1168 1848; baseline -0.002 -20"><span class='ocrx_word' id='word_1_103' title='bbox 124 1764 204 1829; x_wconf 88' lang='lat' dir='ltr'><strong>sinit</strong></span> <span class='ocrx_word' id='word_1_104' title='bbox 223 1760 377 1828; x_wconf 91' lang='lat' dir='ltr'><strong>additum</strong></span> <span class='ocrx_word' id='word_1_105' title='bbox 392 1761 643 1831; x_wconf 88' lang='lat' dir='ltr'><strong>aDemosthene</strong></span> <span class='ocrx_word' id='word_1_106' title='bbox 657 1761 796 1848; x_wconf 77' lang='grc' dir='ltr'><strong><em>γράψας,</em></strong></span> <span class='ocrx_word' id='word_1_107' title='bbox 813 1760 913 1848; x_wconf 78' lang='grc' dir='ltr'><em>ὥςπερ</em></span> <span class='ocrx_word' id='word_1_108' title='bbox 929 1767 985 1828; x_wconf 78' lang='grc' dir='ltr'><strong>οὖν</strong></span> <span class='ocrx_word' id='word_1_109' title='bbox 998 1761 1086 1847; x_wconf 72' lang='grc' dir='ltr'><strong><em>λέγω,</em></strong></span> <span class='ocrx_word' id='word_1_110' title='bbox 1102 1771 1168 1838; x_wconf 82' lang='grc' dir='ltr'><strong><em>τοῖς</em></strong></span> 
     </span>
     <span class='ocr_line' id='line_1_16' title="bbox 124 1863 1234 1960; baseline -0.002 -28"><span class='ocrx_word' id='word_1_111' title='bbox 124 1866 259 1956; x_wconf 77' lang='grc' dir='ltr'><strong><em>ῥήμασιν</em></strong></span> <span class='ocrx_word' id='word_1_112' title='bbox 275 1867 373 1945; x_wconf 71' lang='grc' dir='ltr'><strong><em>οὕτως</em></strong></span> <span class='ocrx_word' id='word_1_113' title='bbox 389 1867 541 1955; x_wconf 74' lang='grc' dir='ltr'><strong><em>ἄντικρυς.</em></strong></span> <span class='ocrx_word' id='word_1_114' title='bbox 585 1869 632 1934; x_wconf 83' lang='lat' dir='ltr'><strong>At</strong></span> <span class='ocrx_word' id='word_1_115' title='bbox 647 1865 837 1960; x_wconf 71' lang='lat' dir='ltr'><strong>apographa</strong></span> <span class='ocrx_word' id='word_1_116' title='bbox 855 1863 1005 1933; x_wconf 81' lang='lat' dir='ltr'><strong>solebant</strong></span> <span class='ocrx_word' id='word_1_117' title='bbox 1022 1878 1179 1932; x_wconf 82' lang='lat' dir='ltr'><strong>oratores</strong></span> <span class='ocrx_word' id='word_1_118' title='bbox 1233 1910 1234 1915; x_wconf 22' lang='grc' dir='ltr'><strong><em>κ</em></strong></span> 
     </span>
     <span class='ocr_line' id='line_1_17' title="bbox 123 1965 1167 2061; baseline -0.005 -23"><span class='ocrx_word' id='word_1_119' title='bbox 123 1995 194 2039; x_wconf 86' lang='lat' dir='ltr'><strong>non</strong></span> <span class='ocrx_word' id='word_1_120' title='bbox 215 1965 418 2040; x_wconf 87' lang='lat' dir='ltr'><strong>adverbum</strong></span> <span class='ocrx_word' id='word_1_121' title='bbox 441 1971 641 2053; x_wconf 81' lang='lat' dir='ltr'><strong>describere,</strong></span> <span class='ocrx_word' id='word_1_122' title='bbox 662 1968 722 2037; x_wconf 85' lang='lat' dir='ltr'><strong>sed</strong></span> <span class='ocrx_word' id='word_1_123' title='bbox 742 1969 786 2036; x_wconf 87' lang='lat' dir='ltr'><strong>ad</strong></span> <span class='ocrx_word' id='word_1_124' title='bbox 809 1970 1040 2060; x_wconf 85' lang='lat' dir='ltr'><strong>tempestivum</strong></span> <span class='ocrx_word' id='word_1_125' title='bbox 1061 1969 1167 2061; x_wconf 85' lang='lat' dir='ltr'><strong>magis</strong></span> 
     </span>
     <span class='ocr_line' id='line_1_18' title="bbox 123 2071 1168 2166; baseline 0 -26"><span class='ocrx_word' id='word_1_126' title='bbox 123 2099 224 2141; x_wconf 91' lang='lat' dir='ltr'><strong>usum</strong></span> <span class='ocrx_word' id='word_1_127' title='bbox 245 2075 506 2157; x_wconf 89' lang='lat' dir='ltr'><strong>accommodare,</strong></span> <span class='ocrx_word' id='word_1_128' title='bbox 529 2076 604 2157; x_wconf 87' lang='lat' dir='ltr'><strong>alia,</strong></span> <span class='ocrx_word' id='word_1_129' title='bbox 626 2098 712 2166; x_wconf 89' lang='lat' dir='ltr'><strong>quae</strong></span> <span class='ocrx_word' id='word_1_130' title='bbox 727 2071 855 2141; x_wconf 84' lang='lat' dir='ltr'><strong>adrem</strong></span> <span class='ocrx_word' id='word_1_131' title='bbox 868 2075 981 2141; x_wconf 88' lang='lat' dir='ltr'><strong>minus</strong></span> <span class='ocrx_word' id='word_1_132' title='bbox 997 2075 1168 2166; x_wconf 86' lang='lat' dir='ltr'><strong>pertinere</strong></span> 
     </span>
     <span class='ocr_line' id='line_1_19' title="bbox 104 2176 1166 2272; baseline 0.001 -28"><span class='ocrx_word' id='word_1_133' title='bbox 104 2176 340 2262; x_wconf 63' lang='lat' dir='ltr'><strong>uidebantur,</strong></span> <span class='ocrx_word' id='word_1_134' title='bbox 372 2179 573 2261; x_wconf 88' lang='lat' dir='ltr'><strong>omittendo,</strong></span> <span class='ocrx_word' id='word_1_135' title='bbox 613 2178 679 2245; x_wconf 87' lang='lat' dir='ltr'><strong>alia</strong></span> <span class='ocrx_word' id='word_1_136' title='bbox 707 2179 745 2244; x_wconf 92' lang='lat' dir='ltr'><strong>in</strong></span> <span class='ocrx_word' id='word_1_137' title='bbox 764 2177 899 2244; x_wconf 89' lang='lat' dir='ltr'><strong>brevius</strong></span> <span class='ocrx_word' id='word_1_138' title='bbox 922 2176 1124 2272; x_wconf 82' lang='lat' dir='ltr'><strong>colligendo.</strong></span> <span class='ocrx_word' id='word_1_139' title='bbox 1134 2180 1166 2264; x_wconf 82' lang='lat'><strong>*)</strong></span> 
     </span>
     <span class='ocr_line' id='line_1_20' title="bbox 124 2278 1167 2375; baseline 0.001 -27"><span class='ocrx_word' id='word_1_140' title='bbox 124 2281 238 2370; x_wconf 83' lang='lat' dir='ltr'><strong>Atque</strong></span> <span class='ocrx_word' id='word_1_141' title='bbox 261 2279 432 2349; x_wconf 81' lang='lat' dir='ltr'><strong>eiusmodi</strong></span> <span class='ocrx_word' id='word_1_142' title='bbox 445 2282 636 2374; x_wconf 83' lang='lat' dir='ltr'><strong>apographa</strong></span> <span class='ocrx_word' id='word_1_143' title='bbox 648 2305 767 2374; x_wconf 82' lang='lat' dir='ltr'><strong>magna</strong></span> <span class='ocrx_word' id='word_1_144' title='bbox 783 2278 995 2347; x_wconf 86' lang='lat' dir='ltr'><strong>decretorum</strong></span> <span class='ocrx_word' id='word_1_145' title='bbox 1007 2306 1084 2375; x_wconf 89' lang='lat' dir='ltr'><strong>pars</strong></span> <span class='ocrx_word' id='word_1_146' title='bbox 1108 2300 1167 2363; x_wconf 90' lang='lat' dir='ltr'><strong>est,</strong></span> 
     </span>
     <span class='ocr_line' id='line_1_21' title="bbox 127 2383 1166 2475; baseline 0.006 -27"><span class='ocrx_word' id='word_1_147' title='bbox 127 2408 213 2473; x_wconf 89' lang='lat' dir='ltr'><strong>quae</strong></span> <span class='ocrx_word' id='word_1_148' title='bbox 243 2401 371 2450; x_wconf 82' lang='lat' dir='ltr'><strong>exstant</strong></span> <span class='ocrx_word' id='word_1_149' title='bbox 400 2385 436 2449; x_wconf 89' lang='lat' dir='ltr'><strong>in</strong></span> <span class='ocrx_word' id='word_1_150' title='bbox 467 2408 514 2451; x_wconf 91' lang='lat' dir='ltr'><strong>or.</strong></span> <span class='ocrx_word' id='word_1_151' title='bbox 544 2383 586 2451; x_wconf 91' lang='lat' dir='ltr'><strong>de</strong></span> <span class='ocrx_word' id='word_1_152' title='bbox 615 2408 682 2451; x_wconf 87' lang='lat' dir='ltr'><strong>cor.</strong></span> <span class='ocrx_word' id='word_1_153' title='bbox 733 2384 850 2475; x_wconf 87' lang='lat' dir='ltr'><strong>Itaque</strong></span> <span class='ocrx_word' id='word_1_154' title='bbox 877 2386 916 2451; x_wconf 89' lang='lat' dir='ltr'><strong>in</strong></span> <span class='ocrx_word' id='word_1_155' title='bbox 937 2384 1015 2455; x_wconf 77' lang='lat' dir='ltr'><strong>&#39;hoc</strong></span> <span class='ocrx_word' id='word_1_156' title='bbox 1051 2404 1166 2454; x_wconf 83' lang='lat' dir='ltr'><strong>nostro</strong></span> 
     </span>
    </p>
   </div>
   <div class='ocr_carea' id='block_1_4' title="bbox 126 2486 1271 2580">
    <p class='ocr_par' dir='ltr' id='par_1_4' title="bbox 126 2486 1271 2580">
     <span class='ocr_line' id='line_1_22' title="bbox 126 2486 1271 2580; baseline 0.003 -27"><span class='ocrx_word' id='word_1_157' title='bbox 126 2511 263 2580; x_wconf 89' lang='lat' dir='ltr'><strong>quoque</strong></span> <span class='ocrx_word' id='word_1_158' title='bbox 285 2486 420 2555; x_wconf 89' lang='lat' dir='ltr'><strong>decreto</strong></span> <span class='ocrx_word' id='word_1_159' title='bbox 443 2486 485 2553; x_wconf 89' lang='lat' dir='ltr'><strong>de</strong></span> <span class='ocrx_word' id='word_1_160' title='bbox 508 2488 672 2556; x_wconf 90' lang='lat' dir='ltr'><strong>industria</strong></span> <span class='ocrx_word' id='word_1_161' title='bbox 694 2513 713 2554; x_wconf 90' lang='lat' dir='ltr'><strong>a</strong></span> <span class='ocrx_word' id='word_1_162' title='bbox 741 2487 968 2557; x_wconf 87' lang='lat' dir='ltr'><strong>Demosthene</strong></span> <span class='ocrx_word' id='word_1_163' title='bbox 995 2488 1167 2556; x_wconf 84' lang='lat' dir='ltr'><strong>Proxenus</strong></span> <span class='ocrx_word' id='word_1_164' title='bbox 1269 2504 1271 2509; x_wconf 82' lang='lat'>&#39;</span> 
     </span>
    </p>
   </div>
   <div class='ocr_carea' id='block_1_5' title="bbox 121 2593 1169 3418">
    <p class='ocr_par' dir='ltr' id='par_1_5' title="bbox 121 2593 1169 3418">
     <span class='ocr_line' id='line_1_23' title="bbox 122 2593 1168 2686; baseline -0.001 -27"><span class='ocrx_word' id='word_1_165' title='bbox 122 2595 307 2686; x_wconf 89' lang='lat' dir='ltr'><strong>imperator</strong></span> <span class='ocrx_word' id='word_1_166' title='bbox 328 2593 467 2660; x_wconf 82' lang='lat' dir='ltr'><strong>omissus</strong></span> <span class='ocrx_word' id='word_1_167' title='bbox 490 2615 559 2660; x_wconf 88' lang='lat' dir='ltr'><strong>esse</strong></span> <span class='ocrx_word' id='word_1_168' title='bbox 580 2594 695 2685; x_wconf 88' lang='lat' dir='ltr'><strong>possit,</strong></span> <span class='ocrx_word' id='word_1_169' title='bbox 718 2615 784 2685; x_wconf 90' lang='lat' dir='ltr'><strong>quo</strong></span> <span class='ocrx_word' id='word_1_170' title='bbox 804 2595 909 2684; x_wconf 86' lang='lat' dir='ltr'><strong>magis</strong></span> <span class='ocrx_word' id='word_1_171' title='bbox 935 2594 1043 2660; x_wconf 88' lang='lat' dir='ltr'><strong>omnis</strong></span> <span class='ocrx_word' id='word_1_172' title='bbox 1064 2612 1168 2661; x_wconf 88' lang='lat' dir='ltr'><strong>retar-</strong></span> 
     </span>
     <span class='ocr_line' id='line_1_24' title="bbox 123 2695 1169 2792; baseline 0.003 -29"><span class='ocrx_word' id='word_1_173' title='bbox 123 2697 194 2765; x_wconf 89' lang='lat' dir='ltr'><strong>dati</strong></span> <span class='ocrx_word' id='word_1_174' title='bbox 215 2699 346 2766; x_wconf 87' lang='lat' dir='ltr'><strong>itineris</strong></span> <span class='ocrx_word' id='word_1_175' title='bbox 370 2695 469 2790; x_wconf 79' lang='lat' dir='ltr'><strong>‚culpa</strong></span> <span class='ocrx_word' id='word_1_176' title='bbox 490 2698 527 2763; x_wconf 91' lang='lat' dir='ltr'><strong>in</strong></span> <span class='ocrx_word' id='word_1_177' title='bbox 554 2697 636 2790; x_wconf 89' lang='lat' dir='ltr'><strong>ipsis</strong></span> <span class='ocrx_word' id='word_1_178' title='bbox 657 2696 774 2791; x_wconf 85' lang='lat' dir='ltr'><strong>legatis</strong></span> <span class='ocrx_word' id='word_1_179' title='bbox 796 2707 980 2791; x_wconf 79' lang='lat' dir='ltr'><strong>appareret,</strong></span> <span class='ocrx_word' id='word_1_180' title='bbox 1005 2698 1065 2791; x_wconf 91' lang='lat' dir='ltr'><strong>qui</strong></span> <span class='ocrx_word' id='word_1_181' title='bbox 1087 2721 1169 2792; x_wconf 86' lang='lat' dir='ltr'><strong>pro·</strong></span> 
     </span>
     <span class='ocr_line' id='line_1_25' title="bbox 122 2800 1168 2895; baseline 0 -25"><span class='ocrx_word' id='word_1_182' title='bbox 122 2805 212 2870; x_wconf 84' lang='lat' dir='ltr'><strong>xima</strong></span> <span class='ocrx_word' id='word_1_183' title='bbox 239 2803 289 2869; x_wconf 88' lang='lat' dir='ltr'><strong>via</strong></span> <span class='ocrx_word' id='word_1_184' title='bbox 317 2800 360 2868; x_wconf 90' lang='lat' dir='ltr'><strong>ad</strong></span> <span class='ocrx_word' id='word_1_185' title='bbox 385 2801 585 2895; x_wconf 90' lang='lat' dir='ltr'><strong>Philippum</strong></span> <span class='ocrx_word' id='word_1_186' title='bbox 613 2800 752 2871; x_wconf 85' lang='lat' dir='ltr'><strong>tendere</strong></span> <span class='ocrx_word' id='word_1_187' title='bbox 780 2828 799 2869; x_wconf 89' lang='lat' dir='ltr'><strong>a</strong></span> <span class='ocrx_word' id='word_1_188' title='bbox 825 2819 941 2870; x_wconf 91' lang='lat' dir='ltr'><strong>senatu</strong></span> <span class='ocrx_word' id='word_1_189' title='bbox 966 2800 1168 2894; x_wconf 80' lang='lat' dir='ltr'><strong>¹populoque</strong></span> 
     </span>
     <span class='ocr_line' id='line_1_26' title="bbox 123 2905 1168 3000; baseline -0.002 -26"><span class='ocrx_word' id='word_1_190' title='bbox 123 2909 204 2975; x_wconf 88' lang='lat' dir='ltr'><strong>iussi</strong></span> <span class='ocrx_word' id='word_1_191' title='bbox 236 2924 339 2973; x_wconf 88' lang='lat' dir='ltr'><strong>erant.</strong></span> <span class='ocrx_word' id='word_1_192' title='bbox 383 2905 469 2974; x_wconf 88' lang='lat' dir='ltr'><strong>Nam</strong></span> <span class='ocrx_word' id='word_1_193' title='bbox 491 2908 669 3000; x_wconf 87' lang='lat' dir='ltr'><strong>quominus</strong></span> <span class='ocrx_word' id='word_1_194' title='bbox 691 2907 932 3000; x_wconf 87' lang='lat' dir='ltr'><strong>populiscitum</strong></span> <span class='ocrx_word' id='word_1_195' title='bbox 954 2929 1024 2974; x_wconf 88' lang='lat' dir='ltr'><strong>esse</strong></span> <span class='ocrx_word' id='word_1_196' title='bbox 1051 2905 1168 2974; x_wconf 84' lang='lat' dir='ltr'><strong>decre-</strong></span> 
     </span>
     <span class='ocr_line' id='line_1_27' title="bbox 123 3010 1166 3106; baseline -0.003 -27"><span class='ocrx_word' id='word_1_197' title='bbox 123 3030 196 3079; x_wconf 92' lang='lat' dir='ltr'><strong>tum</strong></span> <span class='ocrx_word' id='word_1_198' title='bbox 216 3013 281 3079; x_wconf 91' lang='lat' dir='ltr'><strong>hoc</strong></span> <span class='ocrx_word' id='word_1_199' title='bbox 302 3029 492 3094; x_wconf 88' lang='lat' dir='ltr'><strong>statuamus,</strong></span> <span class='ocrx_word' id='word_1_200' title='bbox 514 3010 817 3106; x_wconf 72' lang='lat' dir='ltr'><strong>obstant&#39;primu&#39;m</strong></span> <span class='ocrx_word' id='word_1_201' title='bbox 840 3014 915 3104; x_wconf 88' lang='lat' dir='ltr'><strong>ipsa</strong></span> <span class='ocrx_word' id='word_1_202' title='bbox 928 3010 1166 3076; x_wconf 85' lang='lat' dir='ltr'><strong>Demosthenis</strong></span> 
     </span>
     <span class='ocr_line' id='line_1_28' title="bbox 121 3115 1167 3207; baseline -0.001 -25"><span class='ocrx_word' id='word_1_203' title='bbox 121 3116 237 3182; x_wconf 86' lang='lat' dir='ltr'><strong>verba:</strong></span> <span class='ocrx_word' id='word_1_204' title='bbox 262 3116 386 3203; x_wconf 67' lang='grc' dir='ltr'><strong><em>ἔγραψα</em></strong></span> <span class='ocrx_word' id='word_1_205' title='bbox 406 3116 564 3201; x_wconf 75' lang='grc' dir='ltr'><em>βουλεύων</em></span> <span class='ocrx_word' id='word_1_206' title='bbox 586 3115 628 3184; x_wconf 89' lang='lat' dir='ltr'><strong>de</strong></span> <span class='ocrx_word' id='word_1_207' title='bbox 651 3140 718 3183; x_wconf 90' lang='lat' dir='ltr'><strong>cor.</strong></span> <span class='ocrx_word' id='word_1_208' title='bbox 740 3139 775 3207; x_wconf 92' lang='lat' dir='ltr'><strong>p.</strong></span> <span class='ocrx_word' id='word_1_209' title='bbox 809 3117 883 3195; x_wconf 80' lang='lat'><strong>233,</strong></span> <span class='ocrx_word' id='word_1_210' title='bbox 912 3138 997 3206; x_wconf 87' lang='lat' dir='ltr'><strong>quac</strong></span> <span class='ocrx_word' id='word_1_211' title='bbox 1027 3116 1167 3181; x_wconf 89' lang='lat' dir='ltr'><strong>nonnisi</strong></span> 
     </span>
     <span class='ocr_line' id='line_1_29' title="bbox 123 3217 1168 3315; baseline -0.001 -29"><span class='ocrx_word' id='word_1_212' title='bbox 123 3219 165 3286; x_wconf 89' lang='lat' dir='ltr'><strong>de</strong></span> <span class='ocrx_word' id='word_1_213' title='bbox 187 3221 286 3286; x_wconf 87' lang='lat' dir='ltr'><strong>rebus</strong></span> <span class='ocrx_word' id='word_1_214' title='bbox 304 3221 342 3286; x_wconf 92' lang='lat' dir='ltr'><strong>in</strong></span> <span class='ocrx_word' id='word_1_215' title='bbox 355 3237 470 3287; x_wconf 87' lang='lat' dir='ltr'><strong>senatu</strong></span> <span class='ocrx_word' id='word_1_216' title='bbox 484 3220 624 3288; x_wconf 84' lang='lat' dir='ltr'><strong>decretis</strong></span> <span class='ocrx_word' id='word_1_217' title='bbox 640 3237 852 3313; x_wconf 86' lang='lat' dir='ltr'><strong>usurpantur.</strong></span> <span class='ocrx_word' id='word_1_218' title='bbox 862 3217 909 3307; x_wconf 79' lang='lat'><strong>**)</strong></span> <span class='ocrx_word' id='word_1_219' title='bbox 954 3220 1045 3315; x_wconf 79' lang='lat' dir='ltr'><strong>Tum</strong></span> <span class='ocrx_word' id='word_1_220' title='bbox 1057 3220 1087 3284; x_wconf 87' lang='lat' dir='ltr'><strong>si</strong></span> <span class='ocrx_word' id='word_1_221' title='bbox 1104 3241 1168 3310; x_wconf 79' lang='lat' dir='ltr'><strong>po·</strong></span> 
     </span>
     <span class='ocr_line' id='line_1_30' title="bbox 121 3321 1168 3418; baseline 0.001 -28"><span class='ocrx_word' id='word_1_222' title='bbox 121 3324 318 3418; x_wconf 88' lang='lat' dir='ltr'><strong>puliscitum</strong></span> <span class='ocrx_word' id='word_1_223' title='bbox 341 3343 374 3392; x_wconf 89' lang='lat' dir='ltr'><strong>et</strong></span> <span class='ocrx_word' id='word_1_224' title='bbox 395 3342 526 3392; x_wconf 89' lang='lat' dir='ltr'><strong>senatus</strong></span> <span class='ocrx_word' id='word_1_225' title='bbox 550 3322 739 3395; x_wconf 86' lang='lat' dir='ltr'><strong>consultum</strong></span> <span class='ocrx_word' id='word_1_226' title='bbox 765 3322 924 3418; x_wconf 89' lang='lat' dir='ltr'><strong>deinceps</strong></span> <span class='ocrx_word' id='word_1_227' title='bbox 947 3321 1077 3394; x_wconf 73' lang='lat' dir='ltr'><strong>auisset</strong></span> <span class='ocrx_word' id='word_1_228' title='bbox 1097 3325 1168 3391; x_wconf 53' lang='lat' dir='ltr'><strong>Dee</strong></span> 
     </span>
    </p>
   </div>
   <div class='ocr_carea' id='block_1_6' title="bbox 164 3656 1018 3747">
    <p class='ocr_par' dir='ltr' id='par_1_6' title="bbox 164 3656 1018 3747">
     <span class='ocr_line' id='line_1_31' title="bbox 164 3656 1018 3747; baseline 0.001 -27.014"><span class='ocrx_word' id='word_1_229' title='bbox 164 3656 191 3742; x_wconf 80' lang='lat'><strong>¹)</strong></span> <span class='ocrx_word' id='word_1_230' title='bbox 215 3660 262 3721; x_wconf 77' lang='lat' dir='ltr'><strong>Cf.</strong></span> <span class='ocrx_word' id='word_1_231' title='bbox 285 3681 318 3721; x_wconf 88' lang='lat' dir='ltr'><strong>ea</strong></span> <span class='ocrx_word' id='word_1_232' title='bbox 341 3660 378 3722; x_wconf 91' lang='lat' dir='ltr'><strong>de</strong></span> <span class='ocrx_word' id='word_1_233' title='bbox 400 3684 433 3724; x_wconf 90' lang='lat' dir='ltr'><strong>re</strong></span> <span class='ocrx_word' id='word_1_234' title='bbox 454 3663 536 3746; x_wconf 82' lang='lat' dir='ltr'><strong>Biagi</strong></span> <span class='ocrx_word' id='word_1_235' title='bbox 558 3660 595 3723; x_wconf 90' lang='lat' dir='ltr'><strong>de</strong></span> <span class='ocrx_word' id='word_1_236' title='bbox 618 3660 696 3723; x_wconf 89' lang='lat' dir='ltr'><strong>decr.</strong></span> <span class='ocrx_word' id='word_1_237' title='bbox 718 3662 786 3724; x_wconf 86' lang='lat' dir='ltr'><strong>Ath.</strong></span> <span class='ocrx_word' id='word_1_238' title='bbox 808 3685 840 3746; x_wconf 89' lang='lat' dir='ltr'><strong>p.</strong></span> <span class='ocrx_word' id='word_1_239' title='bbox 865 3661 927 3726; x_wconf 77' lang='lat'><strong>385</strong></span> <span class='ocrx_word' id='word_1_240' title='bbox 950 3682 1018 3747; x_wconf 86' lang='lat' dir='ltr'><strong>sqq.</strong></span> 
     </span>
    </p>
   </div>
   <div class='ocr_carea' id='block_1_7' title="bbox 91 3792 1196 4144">
    <p class='ocr_par' dir='ltr' id='par_1_7' title="bbox 91 3792 1196 4144">
     <span class='ocr_line' id='line_1_32' title="bbox 91 3792 1169 3887; baseline 0.003 -29"><span class='ocrx_word' id='word_1_241' title='bbox 91 3796 96 3803; x_wconf 74' lang='grc'><strong>“</strong></span> <span class='ocrx_word' id='word_1_242' title='bbox 165 3796 273 3877; x_wconf 77' lang='lat' dir='ltr'><strong>¹*)Ita</strong></span> <span class='ocrx_word' id='word_1_243' title='bbox 306 3799 432 3862; x_wconf 86' lang='lat' dir='ltr'><strong>decor.</strong></span> <span class='ocrx_word' id='word_1_244' title='bbox 463 3799 601 3887; x_wconf 70' lang='lat' dir='ltr'><strong>p.:234</strong></span> <span class='ocrx_word' id='word_1_245' title='bbox 635 3798 662 3862; x_wconf 82' lang='grc' dir='ltr'><strong>εἰ</strong></span> <span class='ocrx_word' id='word_1_246' title='bbox 690 3797 725 3862; x_wconf 78' lang='grc' dir='ltr'><strong>δὲ</strong></span> <span class='ocrx_word' id='word_1_247' title='bbox 744 3795 902 3881; x_wconf 75' lang='grc' dir='ltr'><strong><em>βουλεύων</em></strong></span> <span class='ocrx_word' id='word_1_248' title='bbox 923 3795 982 3882; x_wconf 70' lang='grc' dir='ltr'><strong>ἐγὼ</strong></span> <span class='ocrx_word' id='word_1_249' title='bbox 1003 3792 1169 3882; x_wconf 70' lang='grc' dir='ltr'><strong>προςᾶγειο</strong></span> 
     </span>
     <span class='ocr_line' id='line_1_33' title="bbox 208 3826 1169 3973; baseline -0.002 -26"><span class='ocrx_word' id='word_1_250' title='bbox 208 3881 284 3957; x_wconf 80' lang='grc' dir='ltr'><strong><em>τοὺς</em></strong></span> <span class='ocrx_word' id='word_1_251' title='bbox 304 3826 502 3968; x_wconf 36' lang='lat' dir='ltr'><strong>sapietiae&amp;</strong></span> <span class='ocrx_word' id='word_1_252' title='bbox 477 3911 565 3973; x_wconf 81' lang='grc' dir='ltr'>ῳμην</span> <span class='ocrx_word' id='word_1_253' title='bbox 588 3887 651 3949; x_wconf 75' lang='grc' dir='ltr'><em>δεῖν</em></span> <span class='ocrx_word' id='word_1_254' title='bbox 673 3905 739 3964; x_wconf 79' lang='lat' dir='ltr'><strong>ete,</strong></span> <span class='ocrx_word' id='word_1_255' title='bbox 764 3913 823 3973; x_wconf 90' lang='lat' dir='ltr'><strong>qua</strong></span> <span class='ocrx_word' id='word_1_256' title='bbox 845 3890 882 3949; x_wconf 88' lang='lat' dir='ltr'><strong>de</strong></span> <span class='ocrx_word' id='word_1_257' title='bbox 904 3912 936 3949; x_wconf 89' lang='lat' dir='ltr'><strong>re</strong></span> <span class='ocrx_word' id='word_1_258' title='bbox 959 3903 1071 3948; x_wconf 86' lang='lat' dir='ltr'><strong>senatus</strong></span> <span class='ocrx_word' id='word_1_259' title='bbox 1094 3909 1169 3946; x_wconf 71' lang='lat' dir='ltr'><strong>con-⁴</strong></span> 
     </span>
     <span class='ocr_line' id='line_1_34' title="bbox 180 3975 1196 4144; baseline 0.003 -112.085"><span class='ocrx_word' id='word_1_260' title='bbox 180 3975 315 4144; x_wconf 63' lang='lat' dir='ltr'><strong>ppltppr</strong></span> <span class='ocrx_word' id='word_1_261' title='bbox 329 3977 561 4124; x_wconf 58' lang='lat' dir='ltr'><strong>1epultiernosthtne</strong></span> <span class='ocrx_word' id='word_1_262' title='bbox 575 3977 680 4038; x_wconf 85' lang='lat' dir='ltr'><strong>sactum</strong></span> <span class='ocrx_word' id='word_1_263' title='bbox 702 3992 754 4038; x_wconf 85' lang='lat' dir='ltr'><strong>cst.</strong></span> <span class='ocrx_word' id='word_1_264' title='bbox 798 3977 837 4038; x_wconf 89' lang='lat' dir='ltr'><strong>V.</strong></span> <span class='ocrx_word' id='word_1_265' title='bbox 853 3977 957 4039; x_wconf 85' lang='lat' dir='ltr'><strong>Aesch.</strong></span> <span class='ocrx_word' id='word_1_266' title='bbox 979 3997 1012 4037; x_wconf 82' lang='grc' dir='ltr'><strong>π.</strong></span> <span class='ocrx_word' id='word_1_267' title='bbox 1004 3993 1168 4070; x_wconf 66' lang='lat' dir='ltr'><strong>‚nupunq</strong></span> <span class='ocrx_word' id='word_1_268' title='bbox 1187 4042 1196 4047; x_wconf 14' lang='grc' dir='ltr'>μ</span> 
     </span>
    </p>
   </div>
   <div class='ocr_carea' id='block_1_8' title="bbox 0 0 1302 4672">
    <p class='ocr_par' dir='ltr' id='par_1_8' title="bbox 0 0 1302 4672">
     <span class='ocr_line' id='line_1_35' title="bbox 0 0 1302 4672; baseline 0 0"><span class='ocrx_word' id='word_1_269' title='bbox 0 0 1302 4672; x_wconf 95' lang='lat' dir='ltr'><strong> </strong></span> 
     </span>
    </p>
   </div>
  </div>
 </body>
</html>
