2594 4672
648 227 714 296 256

206 402 478 464 Boedromione
511 424 566 485 per
593 403 803 487 Thermopylas
836 382 990 466 Locridem
1015 405 1206 488 *ingreditur3

242 509 405 590 'ingressum
433 508 619 568 Athenienses
641 509 793 585 cohibent,
826 508 954 578 inducias
983 528 1119 592 rogantes
1152 536 1207 575 us·

251 633 311 693 que
333 610 371 669 ad
392 633 516 671 mensem
538 613 815 673 Maemacterionem.
1082 596 1084 602 ¹

205 716 461 796 Pyanepsione
483 717 583 776 ultimo
606 717 794 777 Athenienses
817 715 913 798 denuo
939 717 1049 798 legatos
1072 719 1109 778 ad
1133 721 1206 781 Phi-

167 856 169 861 ·
249 820 362 901 lippum
384 821 495 879 mittere
514 807 686 898 decernunt,
708 823 811 895 iterum
833 821 962 880 inducias
984 838 1151 903 regaturos.

205 923 421 984 Posidcone
444 925 602 984 ineunte
625 925 777 1007 Philippus
804 923 991 1006 progreditur
1012 928 1206 1014 Elateamqne

249 1044 372 1109 occupat
395 1043 422 1087 et
446 1029 610 1088 communit.
789 1044 791 1047 '

334 1134 485 1191 Decimo
516 1142 621 1191 serto
652 1135 878 1209 Demosthenes,
904 1135 1017 1218 ¹nuncio
1041 1132 1079 1193 de
1102 1135 1207 1196 Elatea

290 1251 372 1318 capta
393 1235 485 1311 allato,
508 1235 656 1295 decretum
683 1236 739 1296 fert
765 1235 802 1312 de
831 1237 978 1318 copiarum
1000 1239 1080 1298 exitu
1101 1238 1206 1324 deque

290 1339 409 1400 foedere
432 1363 496 1398 cum
518 1339 664 1398 Thebanis
687 1341 875 1401 conciliando.

279 1516 282 1522 .
316 1432 507 1504 'Extremo
537 1443 670 1503 Thebani
692 1444 799 1505 foedus
820 1446 930 1504 ineunt.

125 1570 129 1577 ·
204 1536 422 1621 Gamelione
444 1571 509 1608 cum
520 1548 657 1630 Philippo
674 1549 830 1630 confligunt
845 1549 874 1607 in
895 1526 992 1630 pugna
1014 1547 1051 1607 ad
1069 1549 1204 1630 fluvium,

452 1654 599 1734 alteraque
621 1651 725 1735 frigida
746 1655 916 1734 tempestate
932 1642 1094 1729 commissa,
1114 1675 1203 1732 χει-

394 1748 419 1815 .’
451 1756 599 1838 μερινῇ.
644 1750 694 1815 Ob
718 1777 841 1837 quarum
866 1778 1041 1838 prosperum
1064 1775 1205 1820 eventum

421 1866 425 1872 ’
450 1868 574 1942 pompae
604 1860 723 1919 Athenis
756 1875 878 1941 aguntur
908 1875 936 1920 et
963 1851 1202 1942 supplicationes,

450 1963 658 2025 Demosthenes
668 2047 670 2050 Α
681 1978 833 2024 coronatur

113 2113 116 2120 ·
199 2067 493 2151 Elaphebolione
526 2053 622 2127 medio
659 2068 688 2129 in
714 2049 850 2145 theatro,
877 2069 1082 2150 Dionysiorum
1115 2069 1198 2131 sole·

241 2166 251 2175 “
441 2174 573 2233 muitate.
656 2165 658 2169 ⁷

197 2279 352 2361 Philippus
373 2275 411 2336 de
432 2276 521 2336 rebus
543 2277 615 2336 male
637 2277 723 2359 gestis
745 2274 783 2337 ad
804 2277 1034 2359 Peloponnesios
1056 2299 1199 2361 conque-

196 2386 270 2444 ritur
298 2398 326 2442 et
348 2383 527 2443 intervallum
548 2382 630 2458 lacit,
664 2403 725 2463 quo
755 2383 839 2441 novis
861 2383 952 2464 possit
975 2383 1067 2463 copiis
1090 2402 1197 2443 corro-

196 2488 309 2565 borari,
339 2509 433 2569 usque
461 2484 498 2544 ad
528 2485 646 2567 Olymp.¹
669 2485 741 2562 CX,
773 2489 791 2546 3
815 2487 968 2562 ineuntem,
990 2488 1073 2546 cuius
1095 2509 1197 2548 meuse

196 2590 491 2673 Metagitnionerll.
515 2589 609 2649 clades
631 2588 667 2648 ad
690 2590 885 2662 Chaeroneam
906 2591 1105 2671 consequitur.
1127 2624 1174 2637 «-

240 2696 378 2776 Speciosa
400 2715 466 2753 sane
489 2691 669 2766 coniectura,
702 2717 776 2776 quae
800 2711 911 2771 tamen,
934 2716 1046 2771 vereor,
1068 2696 1195 2777 utplus

152 2801 197 2876 sit,
221 2820 307 2881 quam
329 2799 459 2879 speciosa
481 2814 509 2857 et
531 2799 668 2879 speciosis
690 2800 862 2880 argumentis
884 2799 1035 2869 insistens„
1075 2801 1194 2860 Etenim

152 2927 187 2964 ex
210 2927 257 2978 ea,
291 2920 405 2986 praeter
433 2901 516 2984 quod
543 2916 666 2983 utraque
697 2925 811 2984 pugna,
839 2893 860 2982 ai
883 2898 931 2962 ἐπὶ
954 2922 982 2962 τ.
1009 2923 1081 2963 ποτ.
1112 2919 1141 2963 et
1170 2895 1215 2984 ἡ

147 3029 264 3092 χειμερ.
296 3009 389 3067 hieme
419 3007 565 3066 commissa
587 3007 639 3083 sit,
672 3023 783 3089 septem
815 3006 876 3066 fere
904 3007 1043 3066 mensium
1066 3009 1193 3090 spatium

151 3114 343 3174 intercesserit
374 3113 448 3171 inter
479 3132 605 3193 pugnam
633 3111 709 3171 illam
741 3111 890 3170 hiemalem
925 3125 954 3169 et
984 3111 1130 3192 proelium
1154 3111 1192 3172 ad

70 3266 73 3270 a
150 3219 347 3278 Chaeroneam
369 3216 564 3291 commissum,
595 3238 655 3299 quo
678 3216 748 3274 nihil
770 3216 809 3274 sit
830 3230 940 3290 actum,
963 3215 1034 3281 nihil
1055 3231 1153 3275 actum
1174 3237 1191 3275 a

148 3322 296 3402 Philippo,
318 3321 431 3379 homine
453 3341 512 3378 uno
529 3320 595 3380 loco
618 3319 670 3379 diu
697 3318 827 3381 morandi
847 3340 967 3401 prorsus
988 3319 1115 3396 insolito,
1138 3318 1191 3380 sed

149 3426 252 3486 acriter
283 3425 381 3506 potius
414 3424 622 3506 celerrimeque
651 3423 864 3507 persequendis
903 3408 1025 3504 inceptis
1054 3423 1187 3484 adsueto.
1215 3480 1218 3485 .

150 3528 211 3608 Qui
238 3529 262 3588 si
293 3548 326 3587 re
358 3515 425 3587 vera
457 3527 570 3587 duabus
602 3528 657 3588 illis
689 3528 835 3609 prioribus
863 3528 968 3610 pugnis
995 3543 1053 3587 tam
1076 3527 1129 3587 diu
1144 3526 1187 3587 'ad

148 3635 220 3694 fines
240 3632 378 3697 Boeotiae
401 3631 543 3692 cohibitus
565 3647 653 3710 esset,
682 3632 714 3692 id
740 3653 777 3692 ne
799 3632 888 3692 verbo
913 3630 1034 3715 quidem
1051 3634 1185 3714 tetigisse

148 3738 372 3797 Demosthenem
394 3735 512 3796 credas?
544 3736 650 3812 Immo,
685 3758 776 3817 quum
798 3756 896 3795 omnes
918 3738 1075 3817 scriptores
1083 3714 1130 3808 {io
1150 3757 1184 3795 eo

147 3843 328 3924 conspirent,
359 3855 392 3898 ut
420 3839 464 3904 ab,
483 3840 581 3899 Elatea
611 3862 646 3900 ex
676 3841 841 3921 improviso
855 3855 993 3921 occupata
1015 3839 1053 3898 ad
1075 3839 1184 3899 cladem

120 3942 378 4025 ¹Chaeronensem
411 3944 546 4003 continuo
581 3958 739 4020 transeant,
782 3965 837 4003 nec
867 3943 943 4003 ullus
974 3964 1076 4004 eorum
1114 3942 1183 4003 duas

144 4050 258 4132 priores
291 4047 363 4126 ‚illas
406 4067 517 4130 pugnas
557 4062 775 4124 commemoret,
814 4065 849 4108 eo
890 4047 959 4108 mihi
996 4047 1123 4132 manime
1152 4044 1183 4106 id
