2594 4672
655 293 812 400 ,ιιι-

216 463 477 534 Atheniensibus
491 487 569 532 enm
579 463 742 585 Philippo
756 481 868 532 ortum
878 479 971 547 esset,
982 459 1064 532 alios
1074 480 1149 533 etse
1157 464 1253 535 doec

214 589 340 638 creatos
369 567 462 636 dicit.
513 570 644 635 Prius
633 570 738 662 igitur
763 567 822 634 illa
850 567 1013 634 accidisse
1040 569 1252 639 manifesta·

214 694 278 756 eet,
310 691 344 740 et
365 672 546 741 cohaerent
573 671 667 739 hand
696 672 796 739 dnhic
823 696 902 739 cum
930 671 997 738 illis
1024 668 1181 767 Philippi
1204 673 1287 740 ad·

212 803 324 846 versus
347 778 485 896 Megara
505 775 746 858 moliminibus,
762 800 966 870 quamquam
987 774 1207 846 Thebanos
1194 801 1249 847 aaa
1293 774 1295 805 ²

212 883 314 974 longe
336 899 432 946 antea
452 882 662 946 imminuisse
682 881 839 974 Megaris
843 882 1005 949 Isocrates
1024 879 1162 950 refert
1149 906 1191 951 m
1212 904 1248 953 α.

212 985 256 1056 ad
276 983 426 1077 Philipp
446 1010 483 1077 p.
508 986 569 1054 133
592 983 645 1053 ed.
668 985 705 1052 L.

214 1212 244 1301 5.
288 1237 323 1303 p.
349 1212 422 1276 252.
451 1213 502 1277 uui
523 1235 650 1298 πρωτον
673 1211 732 1294 μὲν
759 1210 817 1307 τὴν
844 1213 888 1287 εἷς
908 1209 1156 1296 Πελοπόννησον
1183 1212 1252 1302 upi-

255 1322 364 1398 σβιιαν
389 1314 527 1400 ἔγραψα,
558 1313 611 1380 ὅτε
640 1322 766 1402 πρῶτον
799 1317 913 1392 ἐκεῖνος
940 1318 985 1390 εἰς
1012 1317 1253 1406 Haluntinum
1293 1397 1295 1401 ¹

254 1417 434 1506 saepedicto.

615 1588 618 1593 Ι
641 1523 726 1575 Oly-p,
739 1522 826 1569 etna.

296 1609 379 1685 Res,
413 1633 495 1700 quas
524 1608 633 1674 verbis
663 1607 717 1673 his
738 1607 981 1674 Demosthenes
1003 1628 1254 1694 commemorat,

209 1738 333 1805 nempe
350 1711 507 1805 Philippi
524 1713 562 1776 iu
573 1710 844 1804 Peloponnesum
864 1711 1082 1804 ingrediendi
1104 1734 1255 1797 conatae,

209 1818 608 1890 Atheniensinm'contra
627 1815 748 1906 legatio
771 1815 815 1880 ad
835 1818 984 1883 civitates
995 1815 1258 1910 Peloponnesia-
1287 1890 1291 1899 ,

170 1964 184 1987 ι
209 1947 264 1989 cas
286 1949 305 1987 a
327 1920 481 2013 Philippi
502 1920 657 1984 societate
676 1918 1034 2004 abalienandasmissa,
1056 1934 1169 2016 quum
1190 1947 1256 2016 qua

210 2025 405 2093 conditione
436 2041 470 2089 et
499 2047 574 2143 qno
599 2040 750 2116 tempore
776 2023 974 2106 acciderint,
1007 2028 1167 2120 perspici·
1183 2051 1258 2095 nou

178 2151 183 2163 ·
208 2154 306 2221 posse
328 2128 488 2208 videatur,
510 2127 576 2193 nisi
598 2128 769 2219 cognitum
790 2147 887 2195 antea
908 2129 1029 2210 fuerit,
1052 2154 1126 2224 qna
1137 2129 1256 2224 puhli-
1285 2121 1288 2124 ¹

210 2258 326 2333 carum
346 2231 570 2325 Peloponnesi
591 2256 705 2297 rernm
726 2233 857 2301 ratione
878 2235 1038 2300 excitatae
1057 2237 1135 2301 sint·
1148 2232 1257 2301 addu-

209 2358 360 2430 ctaeque,
380 2336 564 2457 repetenda
584 2337 733 2429 primum
755 2355 805 2403 est
825 2360 938 2404 rernm
960 2363 999 2404 ea
1020 2355 1145 2420 aetate,
1167 2341 1255 2410 cirea

208 2468 309 2538 qnam
329 2466 509 2522 versamur,
530 2442 570 2506 in
590 2438 821 2532 Peloponneso
843 2461 1011 2533 gestarum
1030 2443 1243 2512 tiociis--

295 2547 404 2630 Quo
391 2547 497 2639 1gitur
518 2562 670 2637 tempore
691 2544 897 2638 Philippus
885 2571 923 2612 ιιι
935 2549 1256 2640 septentrionalihm

207 2652 361 2742 primum
383 2649 545 2715 Graeciae
572 2650 766 2742 regionibus
791 2653 979 2742 potentiam
1006 2674 1117 2719 snam·
1133 2675 1256 2745 augere

201 2753 409 2846 'firmareqnc
430 2752 622 2847 conahatur,
643 2754 680 2818 in
701 2751 814 2819 media
834 2771 945 2823 antem
964 2755 1106 2824 Graecia
1125 2753 1256 2826 heliuth

206 2857 380 2929 Phocense
420 2873 597 2937 exarserat,
638 2858 676 2921 in
720 2856 950 2951 Peloponneso
993 2861 1255 2931 head-emonii

206 2964 365 3029 amissum
388 2960 484 3028 clade
498 2961 673 3053 Lenonice
696 2960 852 3056 (Olymp.
870 2965 945 3047 cll,
967 2973 1001 3049 2)
1021 2967 1255 3060 principatum

198 3077 240 3133 'et
262 3065 468 3132 deminutam
487 3065 561 3157 ipsa
581 3065 619 3129 in
640 3065 875 3158 Peloponneso
902 3071 1133 3167 auctoritatem
1152 3092 1253 3165 aegre

204 3170 367 3237 ferebant.
411 3170 490 3237 Una
519 3170 612 3235 enim
642 3195 682 3235 er
706 3189 803 3262 parte
830 3172 970 3241 subditis
992 3191 1089 3241 antea
1108 3176 1253 3245 civitati-

203 3274 265 3339 hus
286 3273 460 3340 redditum
490 3273 532 3340 ah
554 3272 789 3364 Epaminonda
809 3277 880 3358 ius,
910 3301 951 3343 ex
972 3279 1252 3347 amaenitate

204 3377 390 3444 Messeniae
423 3373 613 3468 respuhlica
642 3395 677 3444 et
709 3378 839 3448 collecti
867 3407 971 3447 unam
1003 3385 1042 3448 in
1069 3368 1249 3465 civitatem,

202 3480 461 3574 Megalopolim·
479 3478 631 3547 oreades
663 3506 829 3551 summam
857 3508 976 3553 eornm
1002 3490 1250 3555 noverant-m

201 3586 441 3680 dignationem
486 3585 626 3652 Mortuo
654 3588 759 3680 igitur
782 3591 838 3656 vir
864 3590 908 3655 ad
930 3592 1140 3660 Mantineam
1159 3594 1247 3685 Epai-

199 3689 364 3756 ininouda
385 3713 493 3780 quum
513 3688 765 3758 Thebanorum
781 3694 993 3787 principatus
1015 3682 1090 3763 llabi
1118 3688 1244 3787 coepis-

199 3813 268 3876 set,
299 3794 491 3888 depressam
522 3796 755 3895 auctoritatem
780 3812 822 3893 nt
849 3799 1097 3891 resumerent,
1111 3813 1265 3875 omnem

199 3898 324 3967 dabant
345 3921 518 3997 operam.
540 3898 614 3981 Qua
642 3897 687 3965 de
707 3888 807 3969 cansa
836 3884 1009 3996 Argivos,
1023 3898 1188 3979 Arcades
1180 3917 1245 3983 et,

199 4006 260 4097 qni
290 4003 492 4070 odiosissimi
523 4003 571 4068 eis
593 4020 705 4086 aaut,
736 4007 923 4075 Messenios
950 4011 1123 4115 continens
1149 3998 1246 4076 hellis

195 4107 495 4201 persequebanttin
527 4105 718 4221 ¹¹(llymp.
702 4110 811 4202 igitur
821 4102 933 4195 cvl,
944 4104 1072 4206 lisque
1088 4122 1244 4206 tempore
