2594 4672
144 466 250 528 testes,
274 448 419 514 testari
460 470 494 514 se
526 444 768 516 Demosthenis
790 451 982 534 μαρτυροῦσι
1004 429 1177 528 Δημοσθέ-

142 577 203 621 νει·
226 549 286 618 sed
306 549 398 642 quod
420 561 596 631 testantur,
619 550 655 616 id
671 547 913 618 ‘iureiurando
937 548 1177 614 confirmarunt
1267 629 1269 632 Α

142 653 232 747 apud
253 671 439 746 praetores:
461 659 511 721 uoti
535 652 735 738 ἐπωμόσαντο
757 655 805 720 ἐπὶ
828 660 890 719 τῶν
912 657 1108 740 στρατηγῶν,
1140 648 1177 714 id

141 756 235 851 quod
252 755 379 848 aliquot
391 759 486 823 anuis
499 776 575 851 post
592 781 723 824 causam
736 757 940 849 Auarineam
962 754 1082 821 factum
1108 752 1198 819 esse‘¹

140 885 210 929 nou
232 878 358 953 potest3
383 859 491 954 ,atque
520 886 624 953 quum
655 862 754 926 etiam
782 884 851 926 non
885 859 1013 925 dictum
1039 861 1096 924 sit:
1125 860 1176 942 κμλ

140 964 341 1049 ἐπωμόσαντά
364 991 456 1048 ποτε,
491 964 572 1030 inde
599 965 692 1030 brevi
721 981 797 1056 post
824 962 1008 1028 absolutam
1029 961 1176 1026 Anaxiui

124 1120 126 1126 -
142 1093 276 1136 causam
296 1085 389 1159 patet
409 1069 634 1133 testimonium
656 1084 689 1133 et
702 1068 779 1132 'iure
801 1065 942 1133 iurando
956 1074 1065 1132 coram
1081 1066 1195 1156 prae-v

127 1173 270 1241 ·torihus
292 1170 535 1252 confirmatum,
558 1168 658 1236 simul
681 1171 780 1236 etiam
800 1169 920 1235 litteris
947 1170 1177 1262 consignatum

143 1279 223 1344 esse.
269 1276 377 1356 Quam
400 1274 444 1340 oh
466 1298 538 1348 rem
559 1272 735 1365 probabile
752 1290 809 1353 est,
832 1271 1070 1362 comprehenso
1086 1274 1179 1337 Ana-

122 1378 220 1447 'xino
252 1377 473 1470 damnatoque
502 1380 660 1444 continuo
690 1375 948 1444 Demosthenem
979 1373 1178 1469 Aeschinem

144 1484 254 1562 etiam,
276 1499 314 1548 ut
334 1482 460 1572 patriae
482 1479 705 1573 proditorem,
724 1481 767 1547 ad
784 1498 952 1573 praetores
965 1476 1178 1544 denunciasse
1237 1510 1238 1513 ¹

146 1589 296 1653 et'test'es
319 1584 475 1665 attulisse,
498 1587 576 1676 qui,
606 1583 730 1653 indicio
754 1586 822 1651 eius
845 1608 907 1674 per
926 1586 978 1648 ius
1000 1580 1178 1647 iurandum
1215 1604 1223 1623 ¹

123 1689 360 1769 confirmato,
393 1687 485 1781 quod
517 1690 623 1755 testati
654 1713 765 1755 coram
786 1688 992 1779 praetoribus
1015 1673 1091 1765 sint,
1113 1701 1179 1750 sta-

145 1792 207 1859 tim
228 1793 330 1859 ctiam
351 1791 470 1858 litteris
493 1793 729 1883 consignarint,
751 1810 789 1859 ut
810 1792 933 1858 actioni
954 1787 1178 1855 instituendae

143 1897 326 1962 inserviret.
370 1897 454 1962 Rem
476 1897 605 1987 egregie
626 1897 746 1986 probat
768 1914 801 1963 et
823 1893 966 1961 illustrat
987 1893 1176 1960 Aeschines.
1196 1883 1198 1890 ’

143 1992 298 2066 Eundem
327 2001 416 2064 enim
450 2001 613 2088 nimirum
628 1993 629 1998 ¹
645 1999 836 2072 Ananinum
869 1999 1050 2075 Aeschines
1077 1995 1179 2065 simul
1209 2020 1217 2034 ·

143 2127 248 2194 quum
283 2104 355 2194 ipse
386 2105 553 2194 εῗςαγγελέηι
583 2090 845 2171 Demosthenem
874 2120 989 2196 petere
1016 2103 1179 2171 instituis-

143 2225 202 2290 set,
225 2206 351 2272 abhoc
379 2205 670 2297 comprehensum
686 2224 720 2274 et
746 2207 790 2272 ad
815 2207 1020 2299 supplicium
1043 2206 1179 2274 damna-

144 2329 214 2380 tum
241 2310 348 2402 arguit
369 2307 441 2377 loco
471 2309 539 2374 hue
562 2332 662 2400 quam
684 2311 827 2376 maxime
848 2312 1118 2405 pertinente,·'or.
1141 2312 1179 2375 in
1268 2325 1271 2329 ’

145 2417 232 2482 Ctes.
255 2441 288 2506 p.
312 2417 352 2482 85
376 2429 469 2480 exte:
493 2413 530 2508 ρά
552 2413 588 2478 τά
611 2420 799 2499 τελευταῖον,
828 2413 1077 2500 εἰσαγγέλλεσθαι
1102 2413 1144 2497 μέ
1163 2451 1180 2466 -

143 2527 206 2586 λων
226 2515 277 2584 ἀπ’
300 2521 378 2603 ἒμοά
396 2518 454 2604 τὴν
470 2518 629 2595 Ἀναξίνου
656 2518 810 2604 σύλληψιν
836 2524 892 2584 τοῦ
909 2517 1057 2605 Ὠρειτοά
1088 2538 1180 2582 κατε·
1200 2554 1202 2559 ·

145 2622 312 2705 σκεάοῖαας,
356 2629 412 2688 τοῦ
441 2614 495 2688 τά
512 2622 716 2715 ἀγοράσματα
745 2621 933 2706 Ὀλυμπιάδι
962 2621 1177 2708 ἀγοράζοντος,

115 2741 117 2745 ‘
145 2729 195 2793 καὶ
217 2727 273 2792 τὸν
294 2726 389 2793 αὐτὸν
410 2726 510 2814 ἀνδρα
537 2728 779 2814 ἀιεστρέβλωσοις
799 2732 838 2815 τῇ
860 2732 976 2793 σαυτοῦ
995 2738 998 2742 ’
1001 2726 1082 2811 χειρὶ
1102 2723 1181 2811 γρά-

132 2849 214 2914 <apag
234 2831 364 2920 θανάτῳ
387 2833 551 2916 ζημιῶσαι,
586 2835 636 2897 καὶ
657 2831 744 2920 παρά
771 2837 816 2922 τῷ
839 2831 922 2921 αὐτῷ
944 2832 976 2896 έν
993 2829 1094 2920 Ὠρεῷ
1122 2852 1181 2894 τια-

145 2935 241 3020 τηγου
262 2938 312 3000 καὶ
334 2935 395 3000 ἀπὸ
418 2940 474 3019 τῆς
501 2934 598 3021 αὐτῆς
625 2938 778 3023 τραπέζης
805 2935 916 3022 ἔφαγες
943 2935 993 2999 καὶ
1008 2932 1103 3008 ’ἔπιες
1130 2933 1181 2997 καλ
1231 2924 1237 2939 ’

145 3039 289 3113 ἴσπεισας
308 3041 358 3103 καὶ
380 3037 438 3124 τὴν
460 3038 562 3116 δεξιὰν
590 3041 730 3121 ἐνέβαλες
737 3055 748 3119 ,
780 3038 881 3124 άνιλρα
910 3039 1002 3124 φιλον
1022 3037 1181 3113 nat-esaar

144 3140 335 3224 ποιούμενος.
371 3145 420 3206 καὶ
450 3148 562 3208 τοῦτον
595 3143 787 3222 ἀπέκτεινας,
823 3142 873 3205 καὶ
908 3140 976 3228 περὶ
1008 3139 1129 3205 τούτου
1149 3142 1181 3205 έν
1238 3164 1246 3171 ·

144 3243 261 3311 άπάσιν
288 3245 467 3330 Ἀθηναίοις
488 3248 672 3331 ἐξελεγχθεὶς
703 3241 754 3310 ἀπ’
778 3243 856 3329 ἐμοῦ
876 3247 926 3310 καὶ
948 3245 1074 3329 κληθεὶς
1095 3248 1181 3322 ’ξενο-

144 3340 254 3425 κτάνος
275 3349 311 3414 οὗ
333 3350 368 3414 τὸ
391 3350 541 3435 ἀσέβημα,
561 3349 691 3436 ἠρνέσω,
715 3347 974 3436 ἀλλ’άττεκρένω,
992 3346 1044 3435 ἐφ’·
1062 3339 1088 3439 ᾧ
1099 3347 1181 3414 ’ἀνε-

143 3452 260 3538 βάησεν
282 3449 298 3518 ἀ
322 3456 420 3538 δῆμος
440 3456 490 3520 καὶ
512 3452 579 3520 ὅσοι
602 3445 681 3530 ξένοι
702 3452 906 3538 περιέστασαν
927 3445 985 3518 τάν
1006 3451 1180 3538 ἔιιιιλησέοιν·

146 3556 273 3643 ἔφησθα
294 3582 353 3644 γαρ
375 3557 449 3647 τοὺς
469 3563 526 3643 τῆς
546 3555 663 3632 πόλεως
688 3554 766 3632 ἅλας
794 3559 862 3644 περὶ
889 3557 1029 3633 πλείονος
1048 3555 1182 3640 ποιήσα-
1243 3609 1248 3615 .

146 3666 225 3728 σθαι
247 3667 303 3746 τῆς
324 3663 440 3746 ξενικῆς
459 3661 619 3746 τραπέζης.
658 3659 753 3743 Haec
775 3660 955 3730 Aeschines
978 3660 1183 3726 contraDe-

145 3765 353 3835 mosthenem
376 3763 630 3855 exprobrantem
652 3765 698 3853 ei,
720 3763 823 3856 'quod
845 3781 934 3833 tanto
955 3781 1032 3854 post
1053 3760 1182 3828 cladem
1226 3794 1230 3803 ¹

146 3886 296 3960 tempore
318 3870 356 3933 in'
378 3892 412 3934 se
434 3867 618 3949 invehatur,
642 3885 713 3935 tum
734 3870 887 3936 resistere
908 3868 973 3935 sibi
994 3884 1027 3933 et
1041 3866 1181 3934 meliora

144 3972 195 4036 rei
216 3970 371 4063 publicae
401 3968 539 4037 suadere
567 3973 802 4054 intermiserit,
828 3973 887 4039 ubi
915 3971 1061 4037 retineri·
1074 3958 1181 4036 adhuc

110 4080 112 4084 '
144 4091 291 4179 poterat,
322 4073 463 4170 siquid
491 4073 778 4148 administratione
810 4098 868 4144 sua
902 4075 1015 4144 civitas
1050 4090 1184 4167 caperet
1255 4150 1257 4154 Α
