2580 4680
569 241 724 343 „gu-

126 406 186 470 bes
209 425 286 470 eum
309 427 428 495 capere
455 402 587 473 videbat
614 407 759 500 populus
787 409 1020 490 Atheniensis,
1047 434 1168 504 parum

125 511 164 574 in
188 530 223 573 se
244 509 377 600 peccari
401 509 618 592 existimabat3
651 535 742 576 nunc
765 534 854 594 vero,
877 537 983 604 quum
1007 512 1166 594 Graeciae

124 610 227 676 urbes
249 609 328 676 alias
350 611 536 699 ignominia
558 611 657 692 affici,
690 611 768 680 alias
788 613 939 682 funditus
961 618 1062 684 everti
1085 639 1167 684 con·

124 715 261 806 spiciat,
292 714 523 806 gravissimum
550 738 629 780 sane
656 715 803 798 lacinus,
832 720 1039 810 antiquaque
1061 720 1166 787 maio-

123 843 201 884 rum
224 815 329 907 gloria
350 815 619 909 indignissimum
654 842 688 885 se
716 838 926 912 patraturum
958 821 1031 889 lore
1052 825 1165 890 existi-

123 938 218 1001 mat,
235 923 264 987 ai
297 946 355 986 sua
377 920 586 1015 negligentia
609 922 753 992 Graecos
776 948 891 993 omnes
913 926 949 991 in
973 927 1165 993 servitutem

123 1023 248 1093 abduci
270 1027 449 1117 patiatur.“
1044 1081 1048 1089 .

212 1131 330 1221 Itaque
352 1153 395 1194 ne
427 1129 493 1195 hoc
521 1129 658 1221 quidem
686 1128 856 1198 decretum
890 1129 1077 1224 quidquam
1104 1134 1164 1201 ob-

123 1250 197 1315 stat,
221 1234 403 1326 quominus
425 1255 543 1324 pacem
566 1251 642 1326 post
665 1234 840 1300 liberatum
853 1237 1049 1326 Byzantium
1072 1258 1164 1304 eom-

123 1339 268 1430 positam
289 1355 478 1403 statuamus.
573 1404 578 1412 ,

213 1444 306 1524 Quae
318 1466 379 1533 pax
392 1426 520 1508 utinam
531 1440 640 1506 mihi
631 1465 696 1506 ram
708 1458 778 1507 tum
791 1442 997 1523 innotuisset,
1015 1443 1073 1508 ubi
1087 1441 1164 1508 illu-

124 1545 278 1613 strandae
298 1562 392 1612 erant
410 1543 599 1637 desperatae
614 1543 692 1610 illae
716 1543 956 1637 discrepantiae
975 1563 1008 1612 et
1023 1543 1167 1612 difficul-

125 1667 205 1719 tates
219 1651 253 1714 in
265 1651 377 1742 primo
387 1648 446 1716 illo
460 1647 603 1730 decreto,
619 1647 771 1741 quodor.
783 1647 901 1717 decor.
915 1673 949 1741 p.
964 1651 1038 1732 235,
1057 1651 1164 1716 inser·

126 1773 196 1822 tum
211 1771 259 1821 est
279 1756 338 1824 sie.
365 1772 533 1845 tamquam
550 1750 654 1817 latum
677 1777 695 1816 a
718 1752 943 1820 Demosthene
963 1778 1000 1819 re
1022 1777 1097 1820 vera
1119 1755 1163 1821 ait

125 1858 169 1924 de
189 1856 383 1924 maturanda
407 1856 588 1948 legatorum
610 1854 818 1947 proiectione
842 1857 885 1922 ad
907 1859 999 1946 pacis
1021 1857 1158 1950 Olymp.

123 1963 253 2042 CVlll,
286 1986 304 2027 a
340 1960 607 2052 Elaphebolionis
649 1961 732 2026 xlx
766 1963 855 2027 inter
892 1961 1093 2053 Philippum
1127 1978 1161 2030 et

118 2066 341 2136 Athenienses
364 2066 565 2154 compositae
594 2065 644 2129 ius
676 2064 855 2131 iurandum
883 2064 925 2132 ab
947 2063 1004 2133 illo
1028 2067 1160 2158 erigen-

119 2171 214 2238 dum.
260 2171 368 2252 Quam
390 2169 480 2233 enim
508 2165 580 2232 illic
611 2166 908 2258 discrepantiarum
936 2167 1072 2236 illarum
1101 2168 1160 2237 de-

118 2275 309 2367 speratione
331 2271 476 2364 quadam
488 2268 747 2362 explicationem
770 2272 901 2349 tentavi,
923 2274 1057 2339 unicam
1079 2297 1159 2342 sane

120 2401 206 2470 quae
227 2375 356 2468 reliqua
380 2374 464 2440 mihi
485 2372 557 2453 tuit,
580 2375 709 2464 quippe
731 2371 774 2438 ad
793 2398 912 2465 pacem
932 2374 1018 2442 hanc
1041 2378 1159 2445 aDio‹

120 2480 205 2548 doro
235 2481 298 2546 sub
328 2477 464 2570 Olymp.
488 2478 567 2556 CX,
599 2500 608 2542 ι
644 2495 935 2545 commemoratam
961 2477 1158 2570 impruden-

118 2588 185 2652 tius
223 2584 271 2650 nil
309 2580 599 2661 animadvertenti,
642 2605 715 2647 eam
747 2604 839 2647 nunc
876 2583 943 2647 iam
973 2581 1157 2675 reproban-

117 2688 197 2754 dam
220 2705 253 2753 et
273 2684 487 2753 reiiciendam
511 2708 579 2750 esse
602 2685 745 2778 ingenue
776 2684 897 2768 fateor,
925 2703 958 2753 ct
985 2683 1156 2753 decretum

117 2791 204 2858 illud
224 2792 292 2857 huc
315 2787 583 2856 transferendum
611 2805 800 2856 constanter
827 2792 964 2882 opinor,
993 2790 1096 2883 quod,
1119 2807 1158 2858 ut

118 2898 184 2965 hoe
208 2899 307 2962 etiam
330 2895 439 2961 statim
461 2889 599 2974 addam,
622 2891 704 2960 falso
728 2893 811 2961 illuc
834 2892 1026 2960 translatum
1047 2896 1091 2960 sit
1112 2894 1155 2960 ab

119 3026 160 3069 eo
182 2999 331 3079 homine,
355 2999 414 3089 qui
436 2996 558 3062 tabulis
580 2998 649 3062 istis
670 2995 812 3087 publicis
839 2997 992 3064 omnihus
1021 2995 1066 3062 ad
1084 3019 1156 3062 me-
1251 3070 1256 3077 .

119 3101 211 3170 diam
240 3127 345 3194 usque
373 3103 556 3169 orationem
583 3098 626 3165 de
653 3121 775 3166 corona
810 3117 866 3164 aut
902 3122 942 3165 ex
970 3098 1155 3164 Athenien-

119 3211 209 3276 sium
253 3206 413 3274 tabulario
455 3222 512 3271 aut
544 3200 680 3270 aliunde
707 3200 903 3295 colligendis
931 3226 1067 3293 operam
1095 3226 1154 3269 na-

118 3314 255 3393 miv)

159 3699 184 3775 ’)
204 3698 269 3758 Nou
293 3720 388 3758 meum
410 3712 453 3758 est
475 3693 569 3770 istud,
599 3694 682 3778 quod
695 3714 771 3755 cunc
790 3694 828 3756 de
846 3693 967 3758 decreto
992 3694 1055 3770 illo,
1075 3689 1159 3752 simul

203 3784 286 3845 etiam
299 3783 336 3844 de
350 3785 411 3844 aliis
422 3797 526 3858 statuo,
538 3740 592 3842 sid
602 3781 748 3844 Boechhio
759 3780 867 3858 debeo,
887 3778 1075 3884 praeceptori
1084 3796 1159 3856 meo,

204 3893 312 3930 summa
327 3871 394 3929 mihi
408 3871 514 3953 pietate
528 3890 582 3951 per
598 3870 681 3929 sitam
703 3869 922 3952 prosequendo,
945 3870 999 3951 qui
1015 3885 1160 3926 commen·

205 3959 343 4016 tationem
367 3955 404 4015 de
426 3955 908 4039 archontibuspseudeponymis,
900 3969 975 4016 anter
989 3951 1074 4014 hoo
1066 3968 1161 4033 ipsum

208 4058 332 4126 tempus,
354 4064 408 4125 per
431 4040 515 4125 quod
542 4041 678 4127 equidem
707 4043 750 4104 his
776 4043 847 4105 meis
874 4037 1084 4105 commentariis
1110 4055 1162 4099 os-
