2594 4672
490 269 760 372 -..‡¹.‘.¹.1...⁴

131 429 315 504 Nonnullis
337 455 416 502 vero
428 418 559 501 diebus
581 451 677 502 antea
697 432 777 502 novi
793 431 893 525 legati
916 429 959 499 ad
975 432 1178 527 exigendum
1199 409 1207 424 ,

129 565 151 608 a
173 536 333 634 Philippo
360 539 412 603 ius
434 538 617 606 iurandum
638 538 740 605 creati
760 541 867 606 'erant
911 537 1030 606 Aesch.
1053 566 1086 605 τι.
1114 565 1177 605 πα-

130 641 428 811 qanofflfitpmis
450 742 584 813 solvunt
609 762 742 812 senatus
758 742 903 812 consulti
923 744 1179 813 aDemosthene

131 848 194 917 lati
216 846 352 932 (decor.
367 873 402 941 p.
418 849 596 933 235)iussn
620 847 925 940 Munychionis
948 849 1020 915 III.
1057 850 1177 937 Aesch.

129 979 164 1020 π.
187 976 326 1040 naccae.
349 976 383 1042 p.
406 950 449 1037 40
471 976 516 1017 m.
1182 1040 1184 1044 ι

221 1054 356 1121 Itineris
387 1051 444 1120 die
472 1054 629 1121 vicesimo
663 1056 762 1122 tertio
792 1053 923 1120 Pellam
958 1051 1177 1138 advehuntur,

131 1157 416 1253 quinquagesimo
450 1179 529 1226 cum
557 1156 718 1250 Philippo
752 1158 972 1238 conveniunt,
1000 1174 1178 1251 postquam

130 1288 173 1332 ex
193 1262 338 1328 Thracia
359 1277 557 1328 reverterat.¹
595 1262 693 1327 Dem.
716 1284 748 1326 π.
772 1277 910 1348 παραπρ.
932 1282 967 1351 Ρ.
990 1260 1064 1349 390.

219 1365 368 1432 Athenas
398 1363 543 1432 redeunt
576 1363 930 1455 Seirophorionis
962 1363 1078 1445 XIII,
1108 1387 1177 1455 quo

133 1486 287 1561 tempore
310 1466 354 1534 ad
376 1467 622 1561 Thermopylas
645 1466 823 1561 Philippus
844 1468 913 1533 iam
927 1467 1178 1559 appropinqua·
1293 1484 1296 1488 ’

125 1589 230 1644 ‚verat
276 1573 371 1637 Dem.
395 1569 419 1638 l.
442 1595 473 1641 c.
490 1584 529 1663 Ῥ.
552 1573 649 1662 359·x
732 1597 734 1601 ’
840 1616 855 1650 2

218 1674 409 1743 Eiusdem
431 1675 581 1744 mensis
604 1675 697 1743 XVI
719 1697 832 1742 coram
852 1672 982 1767 populo
1000 1672 1175 1767 legationis
1226 1764 1228 1768 y

130 1797 287 1850 eventum
308 1779 518 1846 renunciant.
560 1779 746 1846 Aeschines
769 1796 869 1871 atque
887 1775 1090 1845 Philocrates
1111 1776 1177 1846 sol·
1195 1821 1202 1860 3

129 1885 241 1954 licitos
270 1884 314 1952 oh
344 1883 529 1952 adventum
546 1882 697 1979 Philippi
725 1881 770 1948 ad
792 1879 1095 1973 Thermopylarum
1116 1907 1176 1947 an-

129 1991 251 2083 gustias
278 1987 499 2056 Athenienses
528 1985 723 2053 demulcent
752 2009 791 2053 ac
822 1987 1031 2078 consopiant*
1074 1986 1172 2053 Dem.
1223 1980 1225 1984 ⁴

127 2121 163 2160 π.
184 2116 324 2179 capuan.
346 2117 382 2183 p.
404 2093 478 2182 359,
502 2091 545 2157 de
566 2088 635 2159 coi.
656 2115 692 2182 p.
715 2092 790 2181 237.
1223 2144 1226 2147 .

218 2191 569 2285 Scirophorionis
612 2194 793 2285 denique
829 2192 900 2260 die
931 2193 1085 2262 XXVII
1120 2195 1177 2285 (τῇ

130 2296 257 2386 τετράδι
278 2300 385 2384 pets.)
407 2297 526 2365 concio
548 2297 692 2364 hahetur
712 2295 969 2363 Atheniensium
991 2299 1028 2363 in
1044 2299 1173 2380 Piraeo,

131 2395 197 2468 cui
231 2397 414 2492 Dercylus,
462 2397 624 2466 Chalcide
666 2402 820 2480 veniens,
865 2417 977 2467 actum
1018 2402 1086 2468 iam
1129 2401 1173 2469 de

100 2559 102 2563 .
129 2494 359 2572 Phocensibus
383 2526 452 2570 esse
479 2502 745 2596 Philippumque
764 2520 944 2584 exnemam
967 2527 1083 2572 corum
1105 2505 1174 2573 Ior-

122 2627 246 2678 tunam
283 2607 524 2676 Thebanorum
564 2599 868 2701 Thessalorumque
903 2606 1092 2700 prodidisse
1120 2634 1172 2675 ar-
1219 2649 1222 2654 -

127 2712 250 2793 hitrio,
290 2711 403 2781 refert.
468 2711 567 2778 Dem.
605 2740 637 2779 π.
675 2737 814 2800 nocane.
856 2736 891 2804 p.
937 2712 1028 2802 359..
1063 2712 1171 2806 quue

128 2817 248 2910 quinto
281 2833 377 2882 antea
408 2813 463 2882 die
499 2801 630 2882 Iactum¹
654 2833 703 2884 est
724 2840 776 2882 'ex
813 2816 1048 2885 Demosthenis
1079 2841 1172 2885 com-

126 2924 317 3016 putatione,
362 2919 705 3016 Scirophor'ionis
740 2919 899 3002 XXIII,
935 2945 1004 3014 quo
1047 2944 1171 3015 nempe
1266 2914 1269 2924 .

214 3312 338 3375 quarum
358 3290 455 3370 altera,
478 3285 598 3375 ἕβδόμῃ
610 3283 712 3375 quiin,
736 3289 775 3353 de
796 3292 941 3353 sociorum
962 3293 1026 3358 iure
1047 3291 1169 3355 iurando

213 3376 353 3461 agebatur
380 3372 512 3440 nondum
539 3393 688 3461 praesente
711 3377 910 3463 Cessohleptis
931 3380 1046 3463 legato,
1080 3380 1183 3442 altera

213 3464 360 3549 deinceps,
387 3461 461 3550 ἕκτῃ
482 3463 584 3549 phin,
608 3465 681 3528 facta
702 3481 754 3545 est,
777 3487 868 3549 quum
889 3463 1050 3530 advenisset
1070 3467 1169 3528 Crito·

102 3630 104 3633 .
211 3549 328 3621 hulus„
353 3552 386 3612 In
407 3553 456 3613 illa
474 3552 686 3614 Demosthenes
708 3569 776 3613 rere
798 3546 964 3635 ἐπιστάτης
984 3553 1056 3634 hait,
1086 3555 1168 3615 alteri

116 3696 120 3700 .
211 3638 287 3700 inter
315 3637 460 3721 proedros
487 3638 702 3722 praesidebat.¹
732 3640 774 3700 Ita
801 3656 928 3722 quatuor
954 3643 1075 3703 existent
1097 3663 1168 3702 con-

211 3726 310 3786 ciones
337 3723 670 3808 iuter'Elaphebolionis
692 3725 769 3787 diem
789 3726 893 3788 XVIII
915 3742 945 3789 et
965 3728 1169 3810 Munychionis

212 3811 270 3886 1113
303 3809 341 3872 ad
373 3810 457 3894 quod
483 3811 516 3875 id
537 3814 645 3896 optime
673 3815 824 3896 congruit,
855 3812 939 3898 quod
959 3816 1169 3877 Demosthenes

211 3897 416 3980 Munychionis
443 3897 501 3978 111,
532 3921 625 3985 quum
654 3898 692 3960 de
721 3899 886 3963 maturanda
911 3901 1072 3986 legatorum
1096 3923 1169 3985 pro-
1264 3920 1267 3924 ’

116 4009 119 4013 ’
205 3983 338 4051 leodone
363 3984 394 4044 in
423 3999 524 4047 senatu
551 3987 730 4068 rogationem
751 3987 873 4066 faceret,
905 3996 1088 4074 consumptas
1113 3988 1167 4050 iam

210 4085 296 4135 statas
317 4071 556 4162 mansuescere
571 4070 647 4139 dicit
667 4095 701 4136 n.
721 4093 862 4160 ταρατρ.
884 4096 916 4161 Ρ.
939 4077 1013 4156 389.
