2594 4672
681 255 727 326 92

19 404 24 412 ⁸
184 425 384 502 mosthenes,
408 437 440 487 et
461 417 496 487 iu
520 437 663 515 utroque
685 422 809 515 legatos
831 439 996 490 maturare
1030 422 1094 490 iter
1116 425 1226 494 iussis-
1288 482 1291 489 .

185 547 246 611 set,
270 529 444 615 utriusque
465 525 614 617 profecto
638 529 730 597 etin
753 543 834 594 orat.
858 524 910 595 de.
933 552 978 597 m.
1002 551 1033 619 g.
1055 523 1120 619 leg.
1145 530 1226 598 etin

184 650 297 701 nostra
319 628 361 697 de
383 650 450 697 eor.
475 630 680 698 mentionem
701 630 842 698 fecisset.

271 735 341 801 Iam
362 735 483 824 igitur,
515 733 607 827 quod
634 734 807 828 reliquum
830 750 894 813 est,
916 750 956 802 ut
977 732 1020 799 ad
1040 732 1228 827 legatorum

143 827 147 844 ¹
174 863 367 905 numerum
387 855 572 923 revertatur
598 840 722 921 oratio,
748 835 997 931 respiciendum
1023 840 1123 908 nobis
1153 860 1228 912 ante
1268 832 1273 859 ¹

40 1008 44 1023 .
113 1016 116 1020 A
184 945 296 1011 omnia
319 939 362 1008 ad
383 940 483 1030 aliud!
497 942 667 1010 decretum
688 942 821 1011 videtur
841 964 928 1024 esse,
951 968 970 1010 a
991 960 1106 1014 nostro
1129 971 1227 1040 pror.

181 1072 237 1113 sus
261 1045 444 1128 diversum,
468 1045 560 1139 quod
582 1047 764 1114 Aeschines
785 1063 949 1114 memorat
969 1075 1003 1115 π.
1026 1075 1167 1140 παραπρ.
1186 1077 1220 1145 p.

180 1150 234 1235 41.
258 1175 302 1215 m.
317 1155 321 1162 “
349 1149 463 1233 Quum
478 1152 569 1217 enim
582 1147 680 1242 legati
695 1152 832 1218 alteram
847 1148 1051 1245 legationem
1064 1152 1221 1223 obeuntes

124 1297 125 1301 =
183 1255 222 1320 in
245 1252 480 1335 Macedoniam
502 1254 726 1337 advenissent,
755 1277 877 1347 sesque
904 1256 972 1323 iam
998 1257 1036 1323 in
1062 1281 1102 1325 eo
1133 1277 1224 1343 esset,

181 1374 220 1425 ut
252 1381 331 1440 eum
360 1357 520 1451 Philippo
552 1382 592 1424 ex
623 1358 768 1427 Thracia
799 1358 901 1428 modo
932 1381 1066 1428 reverso
1096 1360 1142 1430 de
1174 1366 1225 1446 iis,

182 1486 268 1556 quae
288 1460 433 1555 populus
456 1463 623 1545 iussisset,¹
646 1481 817 1555 ageretur,
843 1465 1020 1533 recitatum
1046 1482 1145 1534 antea
1170 1491 1226 1536 eo·

83 1566 86 1570 ’
179 1591 254 1633 ram
293 1566 410 1660 legatis
446 1563 618 1635 decretum
660 1567 844 1635 Aeschines
867 1569 998 1651 refert,
1039 1571 1225 1640 secundum

181 1668 272 1763 quod
294 1696 349 1741 eos
370 1694 510 1739 munere
532 1673 579 1738 eis
611 1669 810 1738 demandato
841 1671 997 1764 perfungi
1024 1676 1230 1766 oportuisset

179 1776 377 1865 (ἀνεγνώσθη
399 1776 457 1860 μέν
477 1774 513 1841 τὸ
536 1777 698 1865 ψήφισμα,
733 1779 808 1842 καθ’
829 1776 847 1842 ὃ
868 1769 1138 1865 ἐπρεσβεύσαμεν).
1182 1778 1223 1847 In
1276 1791 1280 1794 ’

142 1947 144 1954 ,
179 1879 245 1948 hoo
269 1881 461 1971 consignata
483 1881 597 1946 omnia
619 1903 658 1946 ea
677 1878 778 1947 fuisse
809 1880 1022 1948 manifestum
1044 1899 1109 1964 est,
1139 1905 1223 1976 quoe

178 1982 322 2078 populus
345 1985 383 2075 in
406 1982 608 2051 Macedonia
629 1985 764 2075 exsequi
785 1981 908 2076 legatos
930 1983 1085 2054 voluerit.
1108 2025 1156 2048 ·-.
1173 1991 1224 2056 καλ

178 2087 219 2154 τά
240 2087 410 2175 τεταγμένα
432 2084 506 2173 ἡμῖν
530 2087 610 2176 πρὸς
631 2095 675 2178 τῷ
702 2088 776 2165 τοὺς
797 2089 908 2175 ὅρκους
934 2087 1105 2173 ἀπολαβεῖν
1126 2115 1226 2178 συνη-

179 2192 393 2282 ριθμούμεθα.
424 2230 468 2245 -
494 2189 581 2258 εἷπον
612 2194 846 2278 συνειλεγμένων
875 2199 938 2261 τῶν
965 2194 1144 2281 πρέσβεων,
1176 2196 1224 2264 ὅτι

175 2322 232 2382 μοι
260 2299 427 2382 ελοκοίησαν
454 2296 491 2363 τὸ
518 2297 665 2384 μέγιστον
691 2296 874 2384 πράςταγμα
901 2302 960 2363 soii
986 2296 1088 2382 δῆμον
1115 2301 1224 2378 ἀτενῶς

178 2402 299 2487 ἀγνοεῖν
320 2439 380 2466 -.
409 2401 446 2468 τὸ
474 2402 612 2488 μὲνγὰρ
644 2400 717 2479 τοὺς
743 2400 854 2488 ὅρκους
875 2401 1046 2483 ἀπολαβεῖν
1072 2404 1123 2469 καὶ
1154 2407 1224 2492 περὶ

176 2511 240 2572 τῶν
261 2505 363 2579 ἀλλων
385 2511 603 2591 διαλεχθῆναι,
632 2508 774 2592 καὶπερὶ
802 2513 866 2572 τῶν
888 2503 1094 2588 αῖχμαλώτων
1116 2509 1218 2592 εῖπεῖν,

174 2613 225 2677 καὶ
248 2606 275 2676 ei
295 2596 369 2684 τοὺς
388 2607 545 2696 ἀντηρέτας
573 2611 710 2694 ἔπεμψεν
734 2609 754 2694 ἦ
786 2609 874 2686 πόλις
879 2659 890 2692 ,
926 2615 1090 2697 περιθεῖσα
1117 2614 1219 2679 πίστιν

176 2714 301 2794 αάτοῖς,
337 2711 448 2778 ἅπαντ’
470 2713 509 2778 ἀν
537 2719 720 2803 πραχθῆναι
754 2716 868 2796 νομίζω
905 2751 966 2780 -.
995 2713 1161 2800 ἀφίγμεθα
1195 2717 1218 2782 δ’

172 2813 263 2900 ἡμεῖς
284 2815 406 2901 {hoster
426 2823 482 2883 τοῖ
505 2813 608 2901 δήμου
627 2814 790 2905 ψήφισμα
814 2819 846 2882 ἐν
867 2807 895 2907 ᾧ
915 2816 1095 2905 γέγραπται·
1118 2818 1219 2906 πράτ-

174 2943 238 2987 τεεν
259 2915 293 2988 δὲ
314 2920 390 2999 τοὺς
410 2922 554 3007 πρέσβεις
575 2922 626 2987 καὶ
648 2920 714 2988 ἀλλ’
738 2920 765 3001 ὅ,
790 2946 819 2986 τι
841 2921 882 2989 ἀν
903 2920 1055 2988 δύνωνται
1084 2921 1218 3007 ἀγαθόν.

174 3018 227 3091 Ex
247 3025 299 3092 his
322 3027 425 3118 igitur
445 3024 554 3117 liquet
574 3024 689 3116 legatis
710 3042 843 3116 praeter
853 3025 1027 3117 legationis
1043 3049 1221 3109 summam,

176 3153 261 3223 quae
284 3132 321 3196 in
342 3133 416 3198 iure
438 3129 581 3199 iurando
598 3127 760 3223 exigendo
775 3130 883 3220 posita
900 3145 979 3211 erat,
1002 3128 1067 3196 alia
1084 3154 1223 3223 quoque

174 3233 330 3300 mandata
351 3233 462 3321 fuisse,
485 3254 522 3302 ut
544 3237 752 3330 captivorum
768 3231 1046 3328 redemptionem.
1093 3234 1224 3328 Cogni-

173 3353 245 3405 tum
268 3355 379 3409 eutem
400 3363 501 3431 supra
522 3342 590 3405 iam
613 3356 661 3406 est
683 3364 722 3406 ex
744 3339 842 3405 Dem.
865 3361 913 3406 or.
937 3337 979 3405 de
1009 3364 1055 3404 m.
1087 3362 1117 3429 g.
1140 3338 1220 3432 leg,

108 3524 111 3529 Ι
172 3441 435 3509 Demosthenem
449 3466 520 3509 non
532 3445 600 3509 nisi
612 3445 820 3535 captivorum
832 3439 1107 3512 redimendorum
1120 3466 1221 3509 causa

115 3536 118 3543 ¹
174 3544 376 3638 legationem
397 3546 484 3612 hanc
507 3547 640 3641 obiisse,
663 3548 768 3639 inque
789 3547 854 3613 hoc
876 3545 945 3613 solo
965 3547 1099 3638 negotio
1115 3546 1221 3639 plena

174 3674 271 3716 usum
304 3673 374 3715 esse
401 3667 561 3740 potestate
595 3650 840 3741 (αὐτοκράτορα)
871 3679 903 3716 π.
932 3676 1071 3738 παραπρ.
1095 3675 1130 3742 p.
1153 3652 1218 3740 395

112 3790 117 3797 ·
174 3753 230 3840 (os.
260 3753 298 3822 ll.
329 3778 429 3844 supra
459 3752 517 3837 lt).
568 3755 749 3821 Decretum
781 3776 858 3819 vero
866 3803 876 3833 ‚
908 3752 950 3818 de
979 3778 1047 3845 quo
1078 3755 1217 3848 agimus,

171 3858 278 3926 solam
306 3859 389 3924 iuris
425 3857 559 3924 iurandi
590 3857 745 3947 exigendi
776 3881 891 3946 cutum
924 3857 1069 3944 exhibet.
1125 3857 1218 3942 Quid

171 3965 286 4054 igitur,
309 3963 337 4028 si
360 3963 511 4053 quinque
534 3960 632 4053 legati
655 3959 724 4041 illi,
754 3985 897 4053 quorum
926 3964 1065 4032 nomina
1087 3962 1218 4030 ibidem

172 4085 303 4137 exarata
325 4083 413 4148 sunt,
436 4067 473 4132 in
497 4090 573 4132 cum
594 4065 806 4157 potissimum
827 4066 930 4167 finem
957 4067 1055 4136 electi
1077 4069 1155 4149 sint,
1178 4082 1217 4134 ut
