2594 4672
522 269 679 372 ..po-

81 462 201 534 pacem
230 441 303 505 iure
331 435 479 523 iurando·
504 462 523 501 a
544 433 704 528 Philippo
735 435 1001 505 confirmandam
1031 461 1126 505 cura-

80 560 169 626 rent,
191 541 402 634 reliquorum
425 541 577 633 quinque
604 541 787 633 unicuique
817 539 994 633 singularis
1023 567 1127 634 quae·
1162 612 1165 623 ,

81 649 162 714 dam
181 647 357 739 provincia
383 643 583 713 demandata
605 642 669 710 sit?
702 643 750 733 Ut
776 645 871 711 brevi
893 643 1014 727 dicam,
1038 671 1124 739 quae

80 749 266 844 probabilis
288 749 462 817 sententia¹
475 747 517 814 de
539 747 674 831 decreto
696 747 760 816 hoc
782 750 880 815 statui
902 751 1020 841 possit:
1049 767 1126 842 post

81 879 202 947 pacem
223 879 242 922 a
262 852 390 946 populo
413 855 574 921 sancitam
596 849 891 944 confirmatamque
913 855 1016 925 creati
1045 878 1127 922 con-

16 1033 19 1037 ,
80 962 175 1028 tinuo
197 961 351 1026 universo
374 980 414 1025 ex
434 957 563 1051 populo
586 956 738 1048 quinque
759 955 859 1046 legati
881 973 959 1023 sunt
979 959 1025 1040 (ἐκ
1044 957 1125 1026 πάν-

80 1090 144 1131 των
166 1046 345 1149 Ἀθηναίωι
362 1061 425 1145 ἤδη
448 1058 591 1149 πέντι)*)
618 1061 707 1126 inter
737 1058 1010 1153 Elapheb‘olionis
1033 1061 1126 1130 diem
1200 1072 1203 1091 '

81 1169 168 1236 XIX
194 1184 228 1233 et
254 1165 387 1255 XXIV,
420 1165 463 1246 ii,
492 1165 552 1254 qui
573 1164 615 1229 in¹
631 1162 766 1233 decreto
796 1181 909 1233 nostro
933 1165 1125 1257 exstant,**)

80 1273 201 1364 hisque
231 1266 299 1337 sola
320 1269 403 1334 iuris
425 1265 558 1334 iurandi
589 1291 668 1334 cura
696 1267 895 1335 demandata
921 1286 981 1338 est.
1025 1271 1127 1337 Prae-

80 1395 132 1444 ter
159 1375 221 1442 hos
251 1371 411 1465 deinceps
439 1372 508 1438 sive
535 1368 558 1435 'a
595 1389 711 1439 senatu
742 1395 802 1439 seu
836 1372 911 1464 ipso
949 1398 969 1440 a
996 1371 1124 1466 populo
1215 1451 1219 1458 ¹

81 1479 139 1546 alii
167 1478 320 1572 quinque
347 1473 446 1542 electi
474 1491 569 1556 sunt,
604 1475 663 1566 qui
691 1473 831 1543 illorum
858 1491 916 1542 aut
944 1477 1125 1561 auxiliarii,

81 1602 139 1650 aut
176 1584 401 1652 observatores
431 1601 501 1645 esse
534 1577 730 1671 cupiebant,
744 1596 871 1673 *utque
902 1578 1038 1672 publica
1067 1605 1126 1648 au-

83 1688 233 1757 ctoritate
255 1699 392 1778 possent
418 1683 620 1776 legationem
642 1684 809 1767 comitari,
839 1682 1042 1752 observanda
1069 1708 1126 1752 ex-

81 1788 321 1884 sequendaque
344 1787 407 1856 alia
429 1784 604 1855 commoda
624 1784 770 1854 libenter
790 1805 1016 1881 susceperunt,
1039 1813 1125 1880 quae

81 1896 229 1990 populus
264 1911 397 1989 praeter
432 1914 552 1985 pacem
591 1915 669 1957 cum
706 1891 868 1985 Philippo
907 1895 1127 1985 compositam

80 2000 156 2067 fieri
186 1999 250 2066 sibi
272 1998 428 2091 optabat.
480 1996 521 2063 In
542 1995 610 2062 'bis
646 2019 732 2065 unus
766 1996 1010 2064 Demosthenes
1049 1996 1124 2082 suit,

82 2105 141 2195 qui
174 2103 380 2197 captivorum
406 2098 682 2169 redimendorum
713 2125 809 2169 causa
838 2102 986 2194 legatum
1022 2125 1057 2170 se
1086 2102 1125 2168 in

125 2467 151 2558 *)
170 2464 224 2545 Ἐξ
240 2463 418 2552 Ἀθηναίων
438 2471 485 2532 vel
505 2467 538 2532 ἐκ
563 2465 688 2532 πάντων
704 2465 881 2553 Ἀθηναίων
901 2470 1125 2535 additamentum

167 2560 298 2620 solemne
319 2560 349 2618 iu
371 2557 495 2618 decretis
516 2574 569 2635 est,
592 2557 645 2619 ubi
667 2557 705 2618 de
725 2560 854 2619 creandis
866 2559 969 2637 tribus,
990 2561 1125 2645 quinque

165 2645 356 2729 pluribusve,
385 2645 596 2728 magistratibus
625 2667 721 2706 sermo
752 2646 784 2707 fit
813 2646 891 2708 nullo
920 2646 1047 2709 tribuum
1075 2669 1126 2708 re-

167 2746 270 2840 spectu
302 2731 410 2792 habito.
459 2732 508 2792 sic
541 2754 586 2795 or.
615 2731 680 2793 adv.
714 2732 841 2793 Timocr.
872 2756 902 2817 p.
938 2751 1001 2814 707
1035 2729 1126 2796 πέντε

125 2813 320 2901 cvlpae?
321 2809 491 2898 ξἍθηναί
489 2839 533 2882 ων
553 2810 711 2897 ἁπάντων,
743 2835 773 2880 et
794 2816 910 2880 idem'
900 2843 930 2881 111
953 2819 1103 2882 decreto
1094 2845 1125 2882 ιιι
1189 2856 1193 2868 .
1266 2828 1271 2839 ⁸

166 2906 291 2967 Zenonis
313 2907 453 2966 honorem
473 2907 531 2966 lato
553 2928 599 2988 ap.
622 2908 716 3012 Diog.
733 2907 768 2967 L
791 2907 866 2980 Vll,
895 2929 941 2968 nr.
974 2928 1029 2985 ιο,
1055 2927 1126 2987 χει-

166 2992 334 3073 ροτονῆσαι
362 2987 507 3074 πρέσβεις
533 2997 617 3075 τρεῖς
647 2990 680 3066 ἐξ
702 2987 840 3072 Asiana!
838 3012 882 3053 toa
903 2985 1125 3154 &niernum

165 3079 275 3139 Bockh.
308 3080 398 3141 Inscr.
423 3082 485 3140 Att.
507 3103 551 3141 nr
582 3096 659 3160 107,
693 3075 786 3140 δέκα
812 3073 986 3162 ανδρεςᾟ
952 3100 966 3140 ε
1011 3074 1123 3162 Ἀθην.

132 3180 136 3188 “
165 3149 313 3227 ἇπᾶντών
333 3188 380 3249 ap.
424 3165 569 3228 Andocid.
591 3165 629 3227 de
650 3187 776 3250 pacep.
799 3186 837 3244 92
862 3167 901 3227 R.
1007 3186 1009 3190 ’

101 3300 295 3384 “)Εοιιιιιι
319 3305 478 3366 Aeschines
510 3303 615 3364 eodem
643 3325 762 3364 munere
785 3305 935 3387 inpriore
965 3305 1021 3368 iam
1042 3306 1124 3390 lega-

165 3394 243 3452 tione
265 3392 382 3453 functus
404 3406 457 3451 est.
500 3390 600 3451 Ceteri
621 3392 683 3450 noti
703 3405 771 3450 sunt
793 3412 828 3451 ex
849 3393 913 3474 ipsa
934 3414 979 3455 or.
1001 3393 1038 3454 de
1062 3412 1124 3455 cor.

165 3479 285 3540 Praeter
305 3478 456 3540 Eubulum
477 3477 554 3539 enim
574 3478 809 3560 Anaphlystium,
831 3480 923 3540 virum
944 3479 1122 3564 reipublicae

165 3565 408 3635 administratione
430 3586 466 3625 eo
486 3580 620 3648 tempore
649 3563 882 3642 celeberrimum,
914 3569 968 3651 qui
997 3582 1026 3629 et
1057 3569 1122 3651 ipse

143 3651 311 3712 ¹interdum
339 3648 378 3713 ad
405 3650 537 3736 Philippi
563 3667 661 3736 partes
696 3650 868 3731 inclinabat,
898 3648 940 3736 (v.
969 3652 1122 3716 Demosth.

165 3738 204 3798 de
226 3760 286 3800 cor.
307 3761 338 3822 p.
362 3742 435 3802 232.
457 3739 496 3800 cf.
517 3761 549 3822 p
573 3743 647 3800 28¹.
681 3739 786 3799 Aesch.
808 3739 931 3800 inCtes.
952 3763 984 3823 p.
1006 3743 1048 3822 57
1071 3741 1123 3823 ιιι.)

165 3839 322 3886 occurrunt
349 3826 537 3886 Democrates
565 3825 754 3907 Phlyensis'
745 3844 774 3886 ln
806 3825 925 3888 decreto
946 3826 985 3888 de
1007 3848 1067 3887 cor.
1088 3850 1122 3908 p.

166 3931 248 3989 29¹,
286 3911 494 3995 Cephisopbon
521 3913 716 3974 Rliamnusius
749 3927 778 3973 et
815 3913 908 3974 Cleon
945 3913 1125 3974 Cothocides

164 4000 194 4056 in
216 4012 337 4066 accusat.
382 3999 460 4060 Ctes.
483 3998 521 4060 de
544 4022 594 4060 cor
615 4002 650 4082 p:
671 3997 742 4078 244,
764 4000 893 4084 utrique,
914 4014 947 4061 ut
960 3998 1028 4062 inde
1049 4022 1122 4063 con·

164 4086 211 4147 iici
232 4093 339 4168 potest,
361 4084 508 4148 Aescltiois
530 4085 689 4150 familiares.
