2580 4680
148 455 253 526 quam
283 453 360 523 erga
388 429 534 498 Graecos
571 454 686 500 omnes
727 449 761 500 et
796 430 962 525 populum
1004 432 1191 503 Athenien·

147 561 219 605 sem
241 537 336 605 omni
363 551 514 624 tempore
537 535 583 625 (lv
603 539 695 619 nortl
715 539 828 629 καιρῷ)
849 536 983 617 habeat,
1006 553 1039 603 et
1060 537 1189 631 agendo

148 639 361 731 dicendoque
397 656 588 706 constanter
627 656 788 732 praestet,
833 641 927 707 cuius
962 663 1039 706 cum
1076 643 1190 725 omnia

123 730 248 811 'verba
278 742 320 808 ad
351 742 585 811 Demosthenis
613 769 665 810 res
692 747 919 811 recentissime
952 763 1055 836 gestas
1082 747 1188 836 perti-

145 865 265 930 neant,
302 865 374 913 tum
401 849 541 913 maxime
577 846 661 913 illud
691 850 723 914 ἓν
749 851 840 914 nortl
871 855 968 938 καιρῷ
999 851 1188 916 recentissi-

143 977 236 1019 mam
270 952 320 1018 rei
357 951 513 1042 publicae
558 950 776 1019 calamitatem
815 951 942 1019 nedum
977 971 1186 1042 praesentem

143 1056 254 1125 adhuc
285 1055 433 1120 indicare
461 1052 601 1121 videtur.
653 1058 745 1139 Quae
768 1057 881 1122 omnia
903 1057 949 1122 ita
969 1056 1081 1137 luisse,
1104 1081 1186 1123 con·

143 1159 285 1227 firmabo
308 1160 374 1225 iam
404 1182 472 1225 uno
495 1157 603 1225 adhuc
626 1178 820 1250 argumento
843 1178 876 1226 et
897 1183 953 1239 eo,
985 1159 1077 1251 quod
1099 1161 1185 1227 mihi
1229 1232 1233 1247 Ι

139 1267 295 1332 omnium
316 1264 384 1329 fere
407 1261 539 1329 videtur
560 1263 798 1329 firmissimum.
844 1263 1084 1330 Demosthenes
1105 1263 1128 1330 l.
1152 1289 1183 1332 c.
1248 1255 1251 1262 ¹

141 1371 191 1460 (p.
215 1370 295 1456 310)
325 1366 576 1458 Ctesiphontem
604 1366 655 1432 nil
684 1364 779 1432 aliud
810 1365 851 1431 de
873 1390 907 1432 se
931 1364 1079 1447 decresse
1102 1393 1184 1436 con-

140 1469 267 1552 tendit,
297 1495 399 1562 quam
427 1470 520 1562 quod
542 1468 721 1537 decernere
742 1495 819 1536 eum
841 1470 973 1541 iusserit
993 1471 1115 1563 populi
1138 1473 1181 1539 de
1259 1465 1264 1475 ‘

141 1599 178 1641 se
210 1592 364 1643 constans
395 1577 493 1640 etiam
519 1592 595 1668 post
624 1573 754 1641 cladem
782 1572 964 1654 iudicium,
993 1577 1088 1641 euius
1111 1577 1182 1643 siu-

142 1677 218 1771 gnla
247 1677 399 1771 exempla
429 1677 590 1745 attulerat
636 1679 728 1744 Inter
757 1678 839 1744 haec
877 1700 953 1744 vero
978 1681 1180 1770 primarium

139 1778 224 1846 illud
253 1781 366 1848 deesse
384 1783 510 1848 mirari
539 1782 643 1862 subit,
674 1782 764 1871 quod
792 1783 854 1849 sibi
877 1779 1112 1873 demandatum
1134 1784 1179 1875 sit

140 1885 263 1952 occisos
300 1883 344 1951 ad
381 1886 609 1952 Chaeroneam
643 1888 791 1954 oratioue
831 1885 964 1951 funebri
996 1884 1177 1952 celebrare.

121 1988 238 2072 ,Quod
259 1989 408 2079 profecto
431 1990 487 2056 hic
509 1996 607 2057 verbo
624 2008 713 2056 certe
735 2000 958 2070 memorasset,
981 1991 1009 2055 si
1030 1976 1182 2083 sibiJhog

136 2093 279 2161 nosille
302 2094 505 2161 antelatum
535 2119 553 2159 a
577 2095 793 2186 Ctesiphonte
823 2092 994 2160 decretum
1020 2080 1178 2187 contigis-

135 2214 196 2265 set.
240 2197 367 2264 Verum
390 2199 432 2262 ad
455 2222 531 2262 eum
553 2200 670 2264 transit
700 2198 774 2266 loco
797 2197 951 2264 inferiori
974 2199 1021 2289 (p.
1045 2200 1120 2282 320)
1144 2216 1183 2265 et.
1231 2228 1235 2234 ⁴

135 2300 189 2366 his
212 2299 348 2392 quidem
370 2301 495 2368 verbis:
527 2301 627 2366 πολλὰ
655 2303 704 2367 καὶ
731 2300 811 2367 καλὰ
832 2303 882 2365 καὶ
903 2301 1022 2385 μεγάλα
1043 2298 1063 2385 ἦ
1086 2301 1176 2379 πόλις

133 2409 269 2490 Αἰσχίνη
298 2409 348 2471 καὶ
382 2407 538 2498 προρίλετο
566 2407 616 2470 καὶ
643 2403 832 2489 κατώρθωσε
864 2403 902 2468 dt’
925 2407 1017 2486 ἐμοῦ,
1052 2395 1096 2468 ὧν
1117 2406 1174 2471 οὐκ

130 2505 391 2593 ἠμνημόνησε.
437 2505 536 2573 Unde
565 2531 625 2600 ego
659 2510 845 2574 occisorum
877 2506 920 2573 ad
944 2507 1175 2575 Chaeroneam
1228 2571 1232 2580 ,

129 2609 215 2676 iusta
245 2612 397 2679 funebria
428 2611 575 2679 confecta
605 2609 772 2680 contendo
799 2628 876 2704 post
896 2609 1001 2676 latum
1023 2636 1042 2675 a
1067 2611 1173 2677 Ctesi-

128 2713 258 2805 phonte
281 2715 467 2795 decretum,
496 2733 529 2782 et
551 2740 784 2783 concessurum
807 2715 872 2783 hoo
893 2715 977 2781 mihi
1001 2740 1171 2808 quemque

129 2841 200 2885 esse
230 2822 369 2913 opinor,
399 2823 457 2914 qni
485 2821 717 2889 Demosthenis
746 2823 783 2889 in
810 2819 1013 2887 observanda
1043 2845 1169 2903 rerum,

130 2947 212 3015 quas
236 2928 380 3016 exponit,
405 2927 488 2990 iusta
519 2926 604 2991 serie
634 2926 876 2992 accurationem
906 2942 939 2989 et
959 2927 1170 3014 sagacitatem
1238 2944 1252 2970 ³

126 3027 406 3094 animadverterit.
458 3026 518 3093 Illa
552 3052 628 3104 vero
661 3028 810 3095 conlecta
843 3026 1085 3094 Demosthenes
1121 3029 1168 3094 ait

126 3129 165 3218 (l.
197 3136 242 3220 c.)
265 3136 425 3200 continuo
452 3149 529 3224 post
557 3155 674 3223 pacem
697 3133 927 3222 compositam,
950 3154 1054 3221 quam
1076 3154 1168 3198 com·

125 3237 269 3324 positam
298 3235 392 3301 brevi
420 3253 495 3328 post
522 3234 653 3301 cladem
684 3256 753 3298 esse
780 3258 878 3325 supra
901 3236 1164 3303 monstravimus.

123 3335 226 3402 Unde
250 3337 416 3406 decretum
440 3341 539 3405 etiam
562 3337 792 3430 Ctesiphontis
819 3337 911 3403 brevi
937 3355 1015 3430 post
1034 3336 1166 3407 cladem

125 3438 394 3512 Chaeronensem
411 3442 518 3512 latum
539 3457 645 3535 patet,
669 3465 748 3530 ergo
771 3443 1001 3535 Pyanepsione
1025 3441 1164 3536 Olymp.

123 3541 199 3626 CX,
222 3546 253 3613 3.
308 3542 311 3548 ’
961 3561 965 3573 “

213 3647 313 3731 Quod
327 3649 355 3714 si
372 3650 417 3715 ita
435 3666 492 3729 est,
514 3647 609 3717 litem
625 3650 792 3718 intentam
806 3649 1016 3740 Ctesiphonti
1037 3650 1078 3715 ab
1099 3649 1166 3714 Ae·

120 3751 240 3818 schine
262 3768 352 3843 patet
381 3750 530 3818 eiusdem
563 3757 644 3826 anni
671 3777 788 3821 mense
817 3748 1093 3846 Elaphebolione,
1113 3774 1165 3817 ar-

119 3855 243 3923 chonte
266 3855 480 3936 Chaeronda,
510 3880 611 3949 quem
644 3858 805 3953 praefert·
822 3859 922 3926 etiam
949 3855 1164 3924 accusationis

117 3957 273 4041 libellus,
302 3976 334 4025 et
362 3959 424 4025 sub
455 3982 523 4051 quo
552 3959 749 4031 Plutarchus
784 3962 886 4032 etiam
912 3962 962 4049 (iu
990 3957 1163 4048 Demosth.
