2594 4672
811 193 817 221 ί

513 273 672 381 202..
743 320 749 337 ,

75 444 283 536 congregatis
314 443 509 524 nunciasse,
550 443 643 534 quali
667 440 778 513 modo
814 440 857 506 de
891 438 1117 516 phocensibus

74 566 185 619 actum
210 545 352 636 esset·3*)
375 546 499 613 deinde
521 547 570 613 sic
591 547 714 639 pergit:
744 549 795 613 καὶ
815 543 916 630 ίιμιῖς,
936 539 968 610 Υαἰ
989 545 1116 615 osli&

72 653 165 743 tuisf
185 651 373 728 ἀκούσαντες
394 690 437 704 -
459 653 510 718 καὶ
529 654 656 727 παῖδας·
666 653 717 716 καὶ
728 660 878 736 γυναῖκας
892 651 926 716 ta
938 649 1120 737 τῶνάγρῶν

73 759 288 840 κατακομίζειν
309 755 502 844 ἐψηφίζεσθε
509 805 519 837 ,
546 757 598 821 καὶ
625 754 667 821 τὰ
689 751 825 842 φρούρια
847 752 1049 832 ἐπισκευάζειν
1068 756 1120 824 καὶ
1147 758 1149 763 ’

73 860 131 926 τὸν
152 864 290 946 Πειραιᾶ
316 863 454 944 τειχίζειν
474 861 526 926 καὶ
547 857 588 925 τὰ
606 854 777 945 Ἡράκλεια
793 859 830 923 -ίν
851 856 938 923 ἄστει
958 857 1049 923 θίιειν
1071 857 1119 947 (p.
1204 902 1207 907 »

75 965 161 1053 379)
214 965 263 1028 Ea
298 962 341 1029 de
367 987 406 1029 re
442 977 554 1029 autem
588 962 655 1051 agit
687 960 861 1027 decretum
896 957 1121 1039 Callisthenis,

75 1064 208 1158 quod
197 1092 235 1132 ιιι
264 1089 312 1134 or.
343 1064 385 1132 de
416 1090 501 1147 con,
533 1089 646 1131 rursus
679 1081 791 1131 tamen
824 1063 1030 1144 mutilatum,
1064 1085 1122 1131 oc-

77 1172 202 1251 cunit,
217 1195 325 1288 qupm
345 1167 499 1237 defessis
522 1167 781 1235 Herculanisin
808 1168 892 1233 urbe
915 1165 1121 1233 celebrandis
1183 1206 1185 1211 ·

75 1273 164 1339 nihil
187 1274 366 1341 contineat.
411 1276 528 1364 ltaque
543 1272 729 1339 seeundum
741 1271 1005 1339 Demosthenem
1018 1270 1123 1339 Galli-

79 1379 205 1445 sthenis
229 1375 402 1443 decretum
423 1375 598 1443 manifesto
627 1370 738 1443 statim
765 1394 841 1468 post
862 1377 1059 1444 concionem
1080 1374 1125 1442 il-

78 1483 147 1549 lem
170 1467 384 1547 Piraeensem
415 1477 522 1546 latum
550 1481 610 1561 sit,
640 1478 678 1547 id
700 1497 766 1561 est,
789 1499 846 1548 aut
866 1482 939 1571 i'pso
960 1482 1029 1546 iam
1051 1479 1148 1562 Sci-

77 1586 296 1677 rophorionis
327 1583 382 1649 die
403 1584 552 1665 XXVII,
582 1583 709 1677 populo
736 1602 870 1676 praeter
897 1583 1052 1660 ordinem
1081 1582 1125 1650 ad
1233 1591 1268 1663 f

79 1714 201 1758 novam
230 1691 430 1757 concionem
456 1706 659 1780 >congregato
683 1685 1043 1778 (συγκλῆτσαέκκλησίας
1063 1684 1124 1754 ὑπὸ
1168 1721 1170 1731 ¹

79 1801 283 1882 στρατηγῶν),
307 1812 364 1861 aut
386 1792 442 1858 die
465 1791 575 1885 aliquo
597 1794 751 1884 proxime
772 1781 976 1885 insequenti.
1030 1828 1031 1831 ι
1104 1828 1126 1884 4

168 1898 309 1981 Quibus,
334 1886 458 1965 ex'solo
475 1898 701 1965 Demosthene
713 1898 837 1989 petitis,
860 1895 955 1962 nulla
969 1913 1125 1990 exparte,
1148 1967 1155 1974 2

81 2001 175 2095 quod
205 2001 248 2069 ad
277 2003 437 2095 temporis
468 2003 754 2094 computationem
775 2004 910 2083 attinet,
943 2000 1126 2068 Aeschines

82 2123 249 2198 repugnat
276 2108 314 2171 in
341 2130 399 2175 or.
426 2104 461 2172 an
488 2131 628 2194 παραπρ.
659 2110 708 2196 ps
724 2107 784 2191 ιίο,
814 2105 863 2192 45,
890 2131 940 2199 sq.
993 2106 1128 2172 Dixem't

84 2211 175 2274 enim
187 2209 322 2274 fortasse
336 2209 458 2300 aliquis
470 2210 860 2302 Demosthenem,.quum
872 2213 987 2304 aperte
997 2235 1138 2297 summa

86 2439 182 2482 eausa
206 2439 283 2481 eum
305 2439 325 2479 a
346 2413 509 2508 Philippo
532 2425 728 2509 corruptum
757 2416 886 2483 tamdiu
908 2418 1128 2490 Athenienses

84 2521 177 2620 vanis
200 2520 379 2611 promissis
393 2520 575 2586 detinuisse
592 2517 806 2601 demonstret,
829 2521 937 2589 donec
960 2521 1021 2588 ille
1043 2520 1150 2616 qnae'

86 2624 233 2716 cupierit
253 2625 291 2689 in
312 2623 461 2693 Phocide
482 2625 675 2716 peregisset,
698 2625 818 2692 eodem
838 2625 897 2692 hic
915 2625 1056 2694 consilio
1077 2651 1130 2694 res

85 2747 186 2820 atque
216 2745 368 2821 tempora
391 2745 580 2810 coarctasse.
624 2731 671 2796 At
691 2727 730 2796 id
750 2732 779 2796 si
800 2736 919 2797 verum
940 2748 1034 2813 esset,
1057 2749 1134 2799 tum
1175 2733 1177 2735 ’

84 2832 234 2926 profecto
247 2833 428 2900 Aeschines
442 2857 517 2899 eum
527 2826 717 2901 falsatorem
729 2835 978 2927 coarguendum
989 2860 1059 2903 non
1073 2835 1141 2917 de-¹

73 2928 285 3029 reliquisset,
308 2962 415 3030 quum
434 2939 633 3031 praesertim
654 2962 694 3006 eo
721 2941 867 3006 maxime
889 2941 1130 3008 Demosthenes

86 3043 214 3124 nitatm·
235 3059 448 3134 argumento,
477 3041 570 3133 quod
591 3041 634 3108 de
655 3042 877 3109 Phocensium
908 3042 1042 3110 fortuna
1064 3062 1133 3113 tam

87 3164 227 3239 repente
249 3149 291 3214 sit
313 3162 432 3216 actum.
478 3145 775 3239 Sedpquamquam
787 3149 860 3240 ipse
874 3147 1130 3218 Demosthenes:

631 3322 640 3351 ὃ

134 3478 161 3566 *)
203 3476 261 3546 ὅτιΙ
287 3482 407 3555 Φωκεῖς
447 3475 626 3542 ἀπολώλασι
660 3483 892 3556 Demosthenes,
934 3483 1133 3568 hyperbolice.

98 3616 103 3628 ι
178 3569 389 3653 Compererant
426 3571 501 3631 enim
538 3569 625 3651 legati
651 3568 833 3644 solummodo
862 3586 979 3653 pactum
999 3573 1133 3635 Phalaeci

178 3679 245 3716 cum
267 3657 415 3739 Philippo.
433 3684 436 3693 ’
457 3657 503 3717 Ex
525 3679 586 3739 quo
608 3671 815 3740 tamenquum
836 3657 974 3742 Philippo
996 3659 1135 3740 subigen-

180 3742 234 3802 dae
256 3743 394 3820 Phocidis
421 3759 496 3803 esset
527 3758 654 3826 potestas
675 3743 763 3821 faeta,
792 3746 1000 3806 Demosthenes
1020 3746 1135 3828 ubique

180 3831 219 3887 ita
240 3816 380 3912 loquitur,
401 3852 435 3891 ec
456 3830 480 3888 si
502 3830 586 3890 simul
607 3852 673 3890 cum
694 3831 833 3918 Philippo
855 3848 957 3915 pactus
977 3833 1136 3910 Phalaecus

180 3917 230 3993 sit,
263 3931 292 3974 et
314 3917 505 3991 Phocensium
535 3915 678 3976 excidium
699 3933 900 3996 consecutum,
930 3917 1014 4002 quod
1041 3932 1137 3982 tanen

181 4024 214 4062 re
243 4024 309 4060 vera
336 4001 442 4063 factum
471 4018 514 4062 est
536 4003 646 4086 aliquot
675 4001 821 4066 mensibus
849 4021 932 4090 post,
962 4020 1136 4125 congregato

171 4089 425 4173 ⁴Amphictyonum
445 4090 577 4159 oonsilio.
