2594 4672
611 207 794 364 μὲν.

199 433 286 498 xime
328 430 411 493 iram
455 443 626 495 moverant
667 413 887 495 Athenienses
932 444 1054 494 tentato
1099 427 1242 525 Olym‘p.

201 533 297 613 CXI,
334 555 344 596 t
374 529 573 614 defectione,
615 532 845 624 suspicionem
880 532 984 622 igitur
1023 531 1165 600 excitare
1203 537 1245 602 ti-

199 639 356 719 muerint,
379 637 406 701 si
418 636 667 716 Demosthenes,
680 637 888 727 gravissimus
908 634 1134 703 Macedonum
1156 662 1244 721 osor,

200 740 338 834 publice
367 740 410 806 cb
432 763 484 805 res
513 763 588 805 ase
607 757 722 804 contra
752 739 952 807 Macedones
983 758 1069 807 actas
1101 765 1246 809 corona-

201 863 303 911 retur.
349 843 461 909 Dilata
484 865 561 933 ergo
584 841 734 909 tamdiu
757 845 853 911 causa
874 842 1005 911 videtur
1027 869 1107 927 esse,
1133 846 1245 914 donec

202 948 359 1040 temporis
383 945 525 1012 decursu
546 946 661 1013 maior'
675 947 725 1014 ori
748 945 942 1039 iudicioque
951 947 1089 1013 libertas
1111 949 1247 1018 reddita

142 1069 168 1112 R
203 1071 294 1120 esset.
346 1049 402 1115 Ad
437 1048 529 1140 quod
556 1051 699 1115 maxime
729 1075 807 1115 sane
844 1068 1074 1142 opportunum
1112 1071 1246 1146 tempus

200 1159 292 1225 venit
315 1155 453 1246 Olymp.
478 1153 584 1234 CXII,
607 1155 638 1233 3,
662 1179 765 1244 quum
787 1153 1095 1247 aLacedacmoniis
1119 1176 1152 1224 et
1173 1157 1248 1250 ple*

201 1264 316 1352 risque
340 1259 525 1324 civitatibus
549 1254 840 1349 Peloponnesiacis
868 1275 991 1325 tentata
1022 1259 1166 1328 defectio
1199 1279 1248 1329 est

130 1417 134 1423 ,
204 1390 251 1445 ea,
276 1364 368 1429 cuius
392 1365 520 1432 tristem
543 1380 697 1428 eventum
718 1386 818 1455 supra
838 1363 1106 1430 memoravimus.
1154 1367 1249 1450 Quo-

202 1493 279 1534 rum
307 1485 460 1533 motuum
489 1491 594 1556 quum
621 1464 750 1532 nullam
783 1466 1004 1532 Athenienses
1034 1491 1112 1534 cum
1142 1469 1247 1538 Lacc-

172 1645 173 1648 ,
204 1570 388 1639 daemoniis
411 1572 681 1637 communionem
698 1570 853 1637 fecissent
882 1568 1036 1659 (Diodor.
1061 1573 1157 1655 XVI,
1181 1575 1246 1659 62),

200 1674 390 1749 conciliatis
420 1676 465 1740 ita
495 1675 560 1740 sibi
592 1676 693 1765 magis
717 1672 943 1756 Macedonum
965 1677 1102 1756 animis,
1134 1681 1247 1745 minus

173 1797 176 1802 ’
203 1783 270 1845 iam
291 1777 509 1845 metuendum
532 1801 601 1844 esse
629 1777 846 1870 crediderint,
876 1779 905 1844 si
938 1778 1149 1869 coronandus
1177 1783 1247 1850 De·

203 1883 390 1951 mosthenes
403 1880 619 1962 iudicaretur,
633 1908 738 1973 quum
751 1883 950 1973 praesertim
961 1885 1033 1974 ipse
1045 1884 1245 1954 Demosthe-

203 2012 263 2053 nes
285 1984 520 2053 moderationis
543 1988 788 2052 recentissimae
819 2003 940 2053 auctor
965 1989 1008 2054 sit
1028 1989 1245 2069 Atheniensi-

203 2092 273 2157 bus·
288 2089 402 2156 factus.
449 2086 548 2171 Quod
570 2090 680 2179 ipsum
701 2089 882 2156 Aeschines
905 2093 942 2156 in
966 2093 1094 2159 crimen
1115 2094 1242 2162 Demo-

205 2195 314 2262 stheni
336 2210 466 2269 vertens
488 2194 538 2276 (in
562 2193 649 2259 Ctes.
677 2220 711 2285 p.
736 2196 811 2285 77),
842 2219 920 2261 eum
952 2214 991 2262 ut
1019 2195 1137 2266 doceat
1154 2195 1242 2263 Ale-

203 2297 322 2365 xandri
351 2298 415 2365 sibi
443 2298 587 2389 turpiter
608 2300 751 2388 'gratiam
782 2299 992 2383 conciliasse,
1021 2300 1244 2369 nihilominus

204 2413 248 2497 (p.
271 2411 327 2494 90)
348 2402 476 2468 iudices
497 2420 622 2482 monet,
645 2421 683 2469 ut
704 2404 905 2495 tempestatis
927 2406 1246 2498 meminerintque

205 2509 269 2576 sibi
291 2509 453 2574 sententia
474 2508 518 2573 sit
538 2505 690 2573 ferenda:
718 2503 842 2593 ἡμερῶν
869 2509 926 2593 μέν
947 2509 1059 2595 ὀλίγων
1079 2511 1184 2594 μέλλει
1205 2512 1240 2578 τὲ

203 2611 317 2679 Πύθια
338 2613 507 2696 γίγνεσθαι,
531 2613 581 2675 καὶ
603 2609 639 2676 τὸ
662 2611 821 2699 συνέδριον
848 2611 885 2678 τὸ
907 2599 970 2679 τῶν
991 2608 1148 2697 Ἑλλήνων
1170 2623 1246 2683 σολ-

204 2702 583 2799 λέγεσθαιεελιαβέβλητοι
606 2716 633 2779 d'
654 2712 744 2798 ἡμῶν
764 2713 784 2800 ἦ
807 2714 895 2793 πόλις
922 2718 955 2782 ἐκ
983 2721 1047 2781 τῶν
1068 2713 1247 2803 Λημοσθὲ·
1275 2802 1277 2807 ‚

203 2842 275 2893 νοσς
300 2816 533 2900 πολιτευμάτων
561 2819 630 2904 περὶ
651 2818 724 2895 τοὺς
745 2826 800 2885 νῦν
827 2818 970 2906 καιρούς·
1001 2817 1107 2897 δόξετε
1136 2824 1164 2888 δ’
1191 2809 1271 2896 ἐὰν

104 2927 105 2930 ’
201 2922 260 3004 μὲν
286 2926 398 2987 τοῦτον
425 2920 658 3009 στεφανώσητε,
698 2918 913 3008 ὁμογνώμονες
940 2921 1114 3001 εἶναιτοῖς
1140 2952 1246 3013 παρον-

202 3027 345 3107 βαίνοσσι
375 3026 432 3108 τὴν
459 3024 563 3110 κοινὴν
591 3024 728 3112 εἰρήνην,
767 3026 820 3092 ἐὰν
852 3028 887 3093 δὲ
913 3026 1097 3105 τούναντίον
1131 3027 1245 3097 τούτου

203 3129 348 3217 πράξητε,
374 3129 541 3198 ἀπολύσετε
562 3128 618 3196 τὸν
641 3133 740 3214 δῆμον
761 3136 824 3205 τῶν
845 3133 961 3217 αῖτιῶν.
1110 3131 1112 3134 ⁴
