2594 4672
109 452 111 455 ’
142 468 201 532 est,
224 471 292 540 quo
314 447 557 515 Demosthenes
583 447 800 540 redargutum
821 470 840 513 a
861 468 897 513 se
918 445 1106 538 Pythonem
1127 460 1189 512 re-·

139 554 215 634 fert,
237 551 275 619 id
295 548 390 644 quod
409 552 581 619 Anamnus
603 551 791 648 explorator
811 538 925 643 postea
934 550 1076 647 Athenis
1089 573 1181 617 com-

138 655 326 747 prehensus
360 656 533 723 manifesto
576 654 676 724 docet
714 657 853 751 ipsaque
890 656 992 722 etiam
1025 653 1179 746 Philippi

139 756 287 851 epistola,
309 774 347 825 ut
367 758 479 825 statim
499 761 767 827 monstrabimus.

173 862 175 868 ⁴
227 863 298 929 Iam
319 859 467 954 denique
492 865 693 937 revertimur
724 861 768 928 ad
795 864 1005 930 notissimam
1026 861 1180 928 omniu'm

136 963 338 1057 legationem
353 965 485 1059 Thebas
507 966 652 1046 missam,
676 961 908 1058 Olymp.·cx,
932 990 965 1047 a,
984 965 1080 1031 brevi
1103 981 1179 1032 ante

113 1093 242 1161 ⁴quam
271 1068 315 1135 ad
344 1068 573 1136 Chaeroneam
599 1085 788 1161 pugnatum
802 1058 805 1064 ⁴
819 1085 878 1137 est.
926 1065 1081 1135 Aderant
1106 1085 1180 1134 tum
1246 1155 1249 1162 Ι

88 1161 102 1261 J
139 1172 269 1239 Thebis
290 1187 423 1264 praeter
434 1170 693 1240 Atheniensium
702 1165 838 1263 legatos,
860 1193 1007 1262 quorum
1019 1172 1180 1265 princeps

138 1274 382 1343 Demosthenes
403 1274 484 1357 fuit,
514 1264 664 1368 Philippi
685 1298 821 1368 quoquc
843 1257 944 1365 legali
966 1275 1104 1367 eiusque
1126 1291 1179 1341 soa
1216 1296 1218 1300 ’

139 1383 284 1460 ciorum,
314 1375 567 1460 Thessalorum,
594 1380 802 1460 Aenianum,
830 1375 1043 1459 Aetolorum,
1073 1375 1181 1446 Dolo·

136 1509 240 1578 pum,
271 1483 515 1551 Phthiotarum.
559 1480 601 1549 V.
629 1481 820 1550 Philochor.
853 1507 906 1574 ap.
938 1482 1085 1574 Dionys.
1102 1479 1178 1548 Hal.

137 1601 167 1670 §.
195 1613 243 1655 ιο.
271 1588 370 1654 Dem.
398 1586 441 1654 de
473 1610 540 1654 cor.
569 1610 604 1678 p.
634 1589 782 1678 298‘f2sq.
835 1586 884 1652 Ea
907 1608 1061 1679 quoque,
1091 1607 1178 1677 quae
1255 1641 1262 1664 ,

136 1695 234 1760 Dem.
256 1690 331 1761 l..c.
354 1690 398 1758 de
418 1690 481 1758 ista
502 1689 668 1785 legatione
688 1689 801 1777 refert,
822 1689 949 1783 optime
971 1687 1015 1757 ad
1035 1712 1074 1755 ea
1096 1712 1180 1779 qua·

137 1797 245 1879 drant,
269 1819 353 1888 quae
374 1813 489 1863 nostro
511 1819 560 1864 or.
583 1793 625 1862 de
648 1817 717 1863 cor.
739 1787 814 1863 loco
827 1794 1065 1862 memorantur.
1109 1793 1179 1860 Ve-
1219 1803 1228 1826 ‘·

135 1926 213 1969 rum
236 1901 327 1970 enirn
348 1923 426 1968 vero
447 1900 523 1992 ipsa
551 1897 610 1966 illa
638 1922 754 1966 rerum
782 1894 964 1966 similitudo
987 1894 1185 1965 Diodorum

134 2029 240 2100 aeque
262 2022 295 2072 et
316 2005 514 2096 interpretes
547 2027 586 2072 eo
608 2000 756 2086 abduxit,
778 2020 818 2071 ut
827 2002 1017 2095 Pythonem
1038 2025 1079 2070 ex
1099 2000 1176 2083 boc,

134 2111 178 2200 de
201 2133 269 2204 quo
292 2111 442 2201 quaestio
466 2125 529 2189 est,
560 2130 608 2176 or.
632 2107 676 2174 de
705 2129 774 2176 cor.
801 2105 828 2173 l.
857 2107 989 2174 Thebas
1020 2105 1177 2174 transfer-

133 2230 228 2294 rent,
258 2230 292 2280 et
311 2213 400 2279 hanc
424 2212 607 2304 Pythonis,
639 2234 741 2303 quam
762 2210 904 2277 Athenis
927 2211 1058 2294 obibat,
1085 2212 1187 2305 lega?¹

133 2319 262 2385 tionem
284 2339 362 2381 cum
381 2314 443 2381 illa
463 2314 615 2408 Philippi
637 2314 892 2405 Thebaskmissa
919 2313 1176 2389 confunderent·
1258 2364 1280 2385 «,

133 2421 221 2487 Huic
243 2437 354 2488 tamen
374 2442 419 2486 ne
441 2417 581 2485 adfuisse
605 2404 745 2510 quidem
766 2417 956 2511 Pythonem
975 2417 1175 2486 Plutarchus
1226 2504 1227 2507 Ἴ

133 2524 309 2590 manifesto
327 2523 436 2605 docet,
459 2525 520 2616 qui
533 2521 590 2607 '(in
611 2521 784 2590 Demosth.
807 2545 836 2590 o.
863 2525 914 2606 18)
936 2539 1017 2589 teste
1030 2523 1175 2614 Marsya,

130 2627 348 2696 historiarum
369 2627 496 2695 celebri
523 2625 687 2720 scriptore
712 2627 823 2709 nisus,
844 2628 1026 2718 Amyntam
1047 2645 1120 2695 tum
1141 2644 1177 2696 et
1238 2690 1241 2698 .

131 2729 348 2816 Clearchum,
384 2728 601 2819 Macedones,
639 2731 815 2815 Daochum
846 2747 880 2799 et
908 2730 1175 2825 Thrasydaeum,

129 2835 317 2921 Thessalos,
332 2835 475 2920 ,Thebas
496 2861 515 2902 a
536 2835 698 2930 Philippo
719 2835 842 2928 legatos
866 2858 936 2906 esse
956 2835 1069 2904 refert
1259 2825 1275 2839 ”

219 2939 386 3010 Omnium
416 2964 493 3032 ergo
521 2938 643 3007 harum
663 2939 870 3035 legationum
891 2939 984 3037 nulla
1005 2958 1066 3023 est,
1087 2964 1173 3032 quae
1207 2973 1209 2976 ·

128 3044 236 3136 possit
268 3046 377 3138 aptius
407 3043 450 3112 ad
477 3046 511 3112 h.
542 3069 591 3115 or.
623 3043 666 3112 de
694 3068 763 3115 eor.
792 3043 906 3117 locum
932 3043 1072 3126 referri,
1103 3044 1183 3126 illa,
1196 3050 1208 3129 Ἰ

129 3171 231 3239 quam
253 3147 392 3242 Olymp.
417 3148 508 3230 ClX,
535 3172 545 3217 ι
574 3149 722 3217 Athenas
737 3149 875 3216 missam
896 3171 966 3215 esse
988 3172 1089 3242 supra
1112 3146 1175 3218 do-

127 3252 269 3318 cuimus.
319 3251 376 3319 Ad
406 3253 548 3320 eandem
575 3255 679 3345 igitur
711 3251 802 3319 haud
830 3251 931 3319 dubie
963 3251 1105 3345 insignis
1133 3279 1171 3323 ex

127 3353 267 3447 epistola
288 3355 375 3424 Phil.
397 3356 491 3426 locus
513 3359 670 3450 pertinet,
692 3358 752 3451 qui
768 3381 847 3423 oum
867 3379 905 3423 re
920 3374 1033 3426 nostro
1056 3384 1104 3427 or.
1126 3359 1170 3426 de

127 3483 196 3527 cor.
219 3459 295 3529 loco
318 3462 575 3556 aDemosthenc
594 3459 699 3529 relata
720 3463 872 3556 apprime
885 3462 1067 3554 conspirat:
1089 3462 1170 3550 παίν-

125 3566 254 3632 τωνδί
272 3590 326 3649 μοι
346 3570 445 3649 δοκεῖ,
477 3564 631 3658 Philippi
652 3565 753 3634 verba
782 3583 876 3657 sunt,
904 3565 1169 3655 παραλογώτατον

124 3666 203 3735 είναι
226 3669 305 3735 διότι
327 3671 512 3754 πέμψαντος
540 3670 617 3754 ἐμοῦ
645 3670 792 3757 πρέσβεις
818 3670 881 3739 ἀπὸ
911 3677 969 3756 τῆς
989 3673 1170 3756 συμμαχίας
1218 3675 1222 3682 “
1272 3723 1274 3728 .

123 3774 237 3858 πάσης,
258 3775 298 3838 ἵν’
320 3767 378 3840 ὦσι
397 3773 563 3861 μάρτυρες,
587 3776 638 3840 καὶ
658 3775 851 3858 βουλομένου
871 3774 1068 3860 ποιήσασθαι
1088 3775 1169 3862 πρὸς

120 3874 206 3962 ,ὑμᾶς
228 3877 349 3953 δικαίας
361 3873 528 3963 ὁμολογίας
540 3874 617 3967 tinio
639 3884 704 3947 τῶν
720 3875 885 3966 Ἑλλήνων,
910 3879 983 3946 οὐδὲ
1002 3878 1077 3956 τοὺς
1097 3881 1168 3964 περί
1224 3911 1227 3915 ’

122 3981 243 4046 τούτων
270 3980 381 4066 λόγους
412 3982 562 4060 ἐδέξασθε
593 3982 680 4071 παρὰ
695 4051 697 4056 ,
711 3989 777 4051 coia
799 3982 1061 4071 πρεσβευόντων,
1097 3983 1167 4062 ἐξὸν

121 4082 196 4170 ὑμῖν
216 4084 237 4169 ἢ
259 4092 323 4152 τῶν
343 4084 492 4156 κινδύνων
512 4086 688 4166 ἀπαλλάξαι
709 4086 784 4165 τοὺς
813 4080 1167 4176 δυςχερίς.ὕπσπῐείον-
