2594 4672
637 241 794 351 ..Aff-

100 452 104 457 ·
197 441 301 510 quum
337 414 417 482 tales
453 415 536 497 sint,
575 431 614 481 ut
642 412 695 488 vel
731 408 774 478 ad
810 410 913 478 fidem
948 410 1241 504 integritatemque

197 523 268 597 eius
290 522 327 597 in
351 517 491 596 dubium
511 517 695 594 vocandam
723 515 867 598 valeant,
898 539 936 584 eo
964 517 1127 582 maiorem
1148 517 1243 606 inre-

197 619 380 714 stigationis
404 622 703 716 explicationisque
726 645 862 712 operam
894 621 1083 711 requirunt.
1128 620 1242 714 Atque

195 729 305 819 prima
327 725 505 803 difficultas
531 728 569 805 in
596 726 796 820 legatorum,
828 726 887 820 qui
918 723 962 818 ad
990 721 1192 815 exigendum
1223 750 1243 792 a

191 829 356 924 Philippo
378 833 428 909 ius
451 825 636 909 iurandum
660 831 763 909 creati
791 831 828 904 in
857 827 991 896 decreto
1006 829 1242 912 nominantur,

197 958 338 1013 numero
367 958 405 1009 ac
434 930 630 1013 nominibus
659 937 756 1008 inest,
806 931 1000 1025 suscepisse
1026 933 1119 1000 enim
1141 935 1243 1001 -iussu

196 1037 319 1130 populi
340 1038 427 1116 hanc
448 1036 650 1128 legationem
672 1041 709 1106 in
732 1036 865 1111 decreto
889 1037 1041 1130 quinque
1065 1035 1240 1106 dicuntur:

198 1142 362 1223 Eubulus,
386 1144 579 1226 Aeschines,
604 1142 854 1237 Cephisoplton,
877 1142 1102 1223 Democrates,
1123 1140 1239 1211 Cicone

197 1249 426 1326 florum-vero
449 1272 606 1328 numerus
635 1271 741 1339 aeque
770 1271 807 1312 ac
838 1247 975 1312 nomina
1003 1269 1081 1313 cum
1108 1247 1150 1313 iis
1176 1248 1242 1314 mi-

199 1353 291 1441 nime
314 1369 513 1444 congruunt,
537 1376 623 1444 quae
642 1349 780 1428 aliunde
795 1352 966 1426 notissima
980 1367 1069 1430 sunt,
1093 1368 1126 1417 et
1141 1350 1246 1423 fidem

114 1448 140 1461 ”
198 1456 325 1533 habent
347 1455 653 1549 exploratissimam.
698 1456 785 1528 Nam
814 1457 965 1548 primum
986 1466 1065 1520 non'
1078 1457 1244 1547 quinque,

198 1559 258 1633 sed
280 1560 398 1637 decem
421 1559 549 1651 legatos
579 1577 722 1641 constat,
756 1561 895 1634 alteram
924 1556 968 1633 ad
996 1559 1198 1650 exigendum
1225 1584 1246 1626 a
1279 1616 1285 1635 ,

198 1689 278 1758 rege
299 1665 351 1742 ius
373 1663 554 1742 iurandum
576 1664 776 1757 legationem
790 1666 920 1735 obiisse,
965 1660 1066 1730 Unde
1079 1687 1151 1732 non
1171 1664 1245 1732 sine

200 1781 297 1835 causa
326 1767 531 1858 adscriptum
560 1770 597 1846 in
619 1791 686 1844 uno
716 1764 788 1844 cod.
818 1784 934 1834 exstat:
972 1767 1150 1855 ἀπορητέον
1174 1772 1246 1857 περὶ

197 1879 255 1952 τοῦ
287 1878 351 1938 τῶν
378 1873 539 1959 πρέσβεων.
556 1957 560 1964 ,
575 1872 727 1967 &pionem
788 1871 829 1938 Id
863 1874 924 1964 qui
953 1871 1019 1938 sibi
1047 1888 1244 1963 persuasum

201 2000 270 2045 esse
291 1975 388 2056 velit,
418 1974 612 2043 alterutram
641 1973 741 2046 modo
765 1975 807 2042 de
830 1976 911 2048 salsa
938 1976 1036 2070 legat
1059 1979 1247 2059 orationem

200 2080 367 2171 inspiciat.
414 2080 523 2162 Quam
545 2080 588 2155 ob
610 2103 684 2148 rem
705 2079 756 2147 vel
778 2105 885 2145 unum
906 2079 1117 2152 solummodo
1133 2080 1245 2149 locum

201 2206 241 2274 en
262 2199 405 2274 utroque
428 2201 558 2251 oratore
580 2183 696 2262 afferre
719 2187 794 2251 satis
818 2187 895 2267 crit,
919 2209 986 2278 quo
1013 2208 1067 2251 res
1095 2186 1183 2253 clarc
1210 2202 1243 2252 et

202 2277 361 2378 expresse
377 2288 603 2355 confirmatur.
648 2290 830 2356 Aeschines
854 2291 945 2356 enim
972 2289 1090 2356 decem
1121 2307 1244 2358 creatos

202 2415 271 2456 esse
293 2391 334 2456 ab
355 2391 618 2460 Atheniensibus
639 2393 762 2486 legatos
791 2395 852 2475 ait,
887 2395 1006 2486 quibus
1028 2393 1246 2462 undecimum

201 2519 241 2560 ex
262 2496 360 2562 sociis
382 2499 566 2578 accessisse,
588 2527 621 2566 π.
639 2515 779 2588 παραπρ.
801 2523 835 2589 p.
858 2500 895 2583 41
915 2500 961 2564 in.
1009 2497 1097 2563 Cum
1111 2522 1151 2565 eo
1169 2521 1244 2567 con-

200 2602 306 2690 spirat
341 2601 582 2667 Demosthenes
613 2603 665 2668 his
702 2604 847 2669 maxime
882 2603 1006 2669 verbis:
1042 2601 1109 2668 ἴστε
1147 2603 1244 2691 δήπου

200 2704 326 2791 πρῴην,
350 2702 394 2767 ὅτ’
417 2702 594 2788 εἰςὴγηειλεν
611 2703 777 2794 Ὑπερίδης
809 2705 1021 2794 Φιλοκράτην,
1054 2706 1102 2773 ὅτι
1131 2713 1246 2797 παρτλ-

201 2807 273 2883 &Aa
301 2805 360 2890 ἐγὼ
383 2809 588 2894 ὃοςχεραίνειν
610 2808 687 2897 ἔφην
716 2812 748 2876 ἓν
768 2835 798 2875 τι
824 2817 881 2896 της
907 2813 1106 2898 εῖςοηηελίας,
1140 2797 1168 2879 οἳ
1187 2810 1247 2898 μό-

201 2935 256 2990 ηοςΙ
280 2907 476 2997 φηλοκράτης
497 2910 656 2980 τοσούτων
677 2917 727 2980 καὶ
750 2912 899 2980 τοιούτων
920 2914 1122 2999 ἀδικημάτων
1146 2916 1247 2993 ,αἴτιος

200 3015 339 3107 γεήονηνξ
374 3014 409 3093 οἱ
429 3016 458 3092 ,δ’
480 3017 590 3084 ἐννέα
611 3023 675 3084 τῶν
695 3019 855 3105 πρέσβεων
875 3019 1018 3104 μηδενός.
1050 3048 1084 3087 τι.
1107 3044 1245 3109 παρατρ.

200 3108 244 3213 p(
259 3119 335 3213 376,
380 3121 422 3216 ht
443 3137 556 3197 nostro
580 3139 700 3190 autem*
715 3123 848 3191 decreto
868 3116 1005 3190 nonnisi
1028 3124 1181 3216 quinque
1201 3121 1248 3190 le-

203 3241 354 3315 gatorum
381 3226 520 3304 nomina
554 3244 686 3295 exarata
714 3245 887 3318 ceteraque
920 3251 990 3295 non
1022 3251 1099 3295 casu
1126 3227 1248 3297 omisa

202 3342 295 3406 sunt,
331 3324 390 3402 sed
421 3330 457 3409 in
487 3328 620 3408 decreto
648 3332 721 3426 ipso
752 3334 915 3425 scriptum
948 3349 1065 3399 exstat:
1104 3334 1249 3421 πρέσβεις

202 3431 330 3498 ἑλέσθαι
352 3435 385 3498 ἐκ
406 3431 532 3501 πάντων
549 3435 727 3522 Ἀθηναίων
748 3437 810 3522 ἤδη
832 3437 931 3504 πέντε.
977 3437 1106 3509 Verum
1129 3454 1163 3503 et
1184 3436 1249 3505 alia

202 3560 243 3603 ex
266 3555 362 3627 parte
384 3535 427 3602 de
448 3536 566 3631 legatis
586 3540 639 3618 his,
660 3539 753 3621 haud
774 3543 891 3632 exigua
912 3543 1058 3633 suspicio
1077 3544 1248 3611 excitatur.

201 3641 350 3732 Excepto
379 3642 470 3710 enim
497 3644 663 3722 Aeschine
697 3644 807 3712 nullus
844 3671 885 3712 cx
913 3647 1030 3714 ceteris
1069 3671 1182 3739 neque
1207 3646 1248 3715 ab

202 3747 369 3812 Aeschine
384 3770 447 3814 nec
471 3748 726 3818 aDemosthene
748 3752 785 3816 in
807 3775 873 3818 orr.
891 3748 940 3816 'de
956 3776 1001 3816 m.
1015 3775 1045 3842 g.
1067 3750 1130 3844 leg.
1155 3751 1250 3818 affer-

203 3868 267 3931 tur,
290 3849 350 3916 sed
373 3852 430 3943 qui
452 3853 493 3917 ab
524 3871 668 3947 utroque
692 3873 821 3922 oratore
855 3857 893 3920 in
923 3855 1069 3922 secunda
1099 3855 1143 3921 ad
1170 3855 1261 3922 Phi..

202 3954 337 4047 lippum
366 3953 531 4046 legatione
557 3976 689 4050 partem
717 3959 865 4052 aliquam
894 3961 1048 4028 habuisse
1079 3960 1249 4040 dicuntur,

182 4057 307 4153 ¹iidem
329 4079 417 4156 suna
442 4086 524 4155 quos
549 4081 581 4132 ct
602 4065 749 4157 primam
772 4064 814 4132 ad
838 4089 916 4135 eum
944 4065 987 4133 de
1015 4068 1108 4158 pacis
1133 4061 1252 4134 condi·
