2594 4672
492 344 495 352 «
566 283 725 400 ’.ιι

125 468 272 534 sinerent
283 458 321 552 (l.
336 472 362 528 'c
376 488 410 555 p.
426 461 494 558 84),
515 460 641 531 deinde
651 480 690 531 ιιι
703 486 817 531 omnes
829 464 866 530 in
879 462 1024 530 Thracia
1036 457 1166 556 posses·-
1237 458 1240 468 ²
1263 549 1267 554 Ι

125 573 244 648 siones,
268 587 349 660 quas
371 567 460 633 iuter
478 569 570 659 pacis
592 592 671 635 cum
692 568 952 637 Atheniensibus
973 570 1167 661 pactionem

125 688 318 767 occupasset
338 670 532 763 Philippus,
562 671 741 753 Serrhion,
770 673 925 764 Ergisce‚
949 672 1165 752 Hieroiroros,

79 839 82 845 .
124 777 277 870 reliquae
306 797 420 861 rursus
439 775 515 849 sibi,
528 778 801 856 restituerentur,
830 774 852 841 l.
876 788 904 842 c.
927 799 962 868 p.
985 776 1046 860 863
1069 776 1167 843 deni-

124 899 241 974 quent
254 876 483 973 Gersohleptes
505 902 640 972 quoque
657 876 701 944 ad
711 903 831 971 pacem
844 877 1029 971 foedusque
1044 878 1166 978 aflmita

78 992 80 997 '
124 1004 261 1052 teretur.
304 985 402 1053 Dem.
426 1006 473 1051 or.
490 1011 522 1050 ιι.
543 1008 681 1071 παραπρ.
703 982 856 1076 (Olymp.
880 982 973 1066 CIX,
997 1007 1017 1049 ι
1039 982 1166 1075 hahita)

123 1115 159 1182 p.
183 1092 256 1179 398,
277 1110 345 1179 quo
366 1085 441 1154 loeo
461 1085 504 1152 de
519 1084 732 1175 ἐπανόρθώσει
753 1093 810 1172 τῆς
832 1087 954 1176 εἰρήνης
973 1110 1082 1154 sermo
1106 1105 1165 1169 est,

118 1193 243 1260 eadem
263 1191 425 1257 nimirum
446 1195 530 1281 ipsa,
553 1216 654 1285 quam
667 1191 889 1260 Athenienses
912 1190 1050 1285 Olymp.
1075 1192 1166 1273 CIX,

121 1323 166 1379 1,
201 1318 307 1389 quum
324 1293 443 1386 Pytho
470 1291 570 1386 legati
597 1319 719 1385 munus
747 1295 876 1378 obibat,
907 1314 1168 1388 proposuerunt.

124 1402 216 1468 Haec
238 1399 441 1466 continuisse
452 1397 709 1490 Atheniensium
723 1345 896 1465 decretuin
910 1397 1049 1480 videtur,
1072 1398 1167 1492 quod

126 1504 359 1595 conscripsisse
381 1525 416 1568 se
437 1501 501 1570 fert
522 1520 638 1570 auctor
659 1525 708 1569 or.
730 1507 770 1569 de
780 1501 908 1569 ·.Halon
932 1500 974 1567 ad
996 1500 1090 1569 illam
1100 1504 1167 1593 Py-

125 1603 236 1676 thonis
264 1603 467 1696 legationem
496 1602 538 1673 de
573 1604 647 1674 Hal.
668 1629 711 1699 p.
742 1609 796 1675 82.
850 1603 1046 1698 Eodemque
1074 1604 1167 1672 haud

127 1712 230 1780 dubie
251 1727 300 1776 et
306 1708 490 1777 Halonesus
528 1712 670 1806 repetita
703 1728 762 1778 est.
806 1709 848 1778 V.
870 1709 895 1785 l.
919 1733 946 1777 c.
968 1734 1003 1802 p.
1028 1733 1079 1800 77.
1124 1709 1168 1777 Id

125 1818 228 1909 igitur
249 1838 447 1906 responsum
476 1813 627 1882 retulisse
648 1814 811 1908 Philippo
837 1812 957 1908 legatio
979 1814 1167 1908 Athenien·
1256 1843 1259 1849 ¹

125 1923 213 1989 sium
234 1918 365 1987 videtur
386 1944 435 2002 ea,
459 1942 559 2012 quam
581 1936 696 1987 auctor
725 1943 773 1987 or.
797 1919 839 1986 de
860 1918 981 1986 Halon.
1004 1937 1168 1988 memorat

122 2051 158 2118 p·
182 2034 244 2116 77·'
278 2019 394 2117 Legati
414 2046 492 2091 vero
515 2047 579 2091 nec
601 2026 713 2091 amice
729 2048 748 2089 a
762 2022 923 2117 Philippo
938 2024 1065 2115 excepti
1078 2040 1171 2106 sunt,
1285 2106 1287 2114 Ι

122 2153 188 2196 nec
210 2127 353 2194 eumad
375 2125 539 2219 explenda
559 2128 817 2196 Atheniensium
832 2126 996 2224 desideria
1017 2150 1168 2221 propen-

104 2255 201 2311 sum
222 2232 430 2296 invenerunt.
474 2231 571 2300 Dem.
593 2227 788 2320 π.ἰιαραπρ.
803 2255 838 2324 p.
851 2230 926 2320 447.
971 2232 1168 2324 Insequenti

124 2337 229 2426 igitur
250 2334 361 2400 statim
382 2357 481 2417 anno,
504 2331 643 2427 Olymp.
668 2334 764 2417 CIX,
794 2357 825 2415 2,
847 2332 1024 2427 Philippus
1045 2358 1166 2403 novam

125 2438 275 2506 Athenas
304 2435 505 2530 legationem
520 2439 622 2504 ‘misit
648 2463 725 2504 cum
753 2436 909 2530 epistola,
943 2439 1039 2505 cuius
1069 2463 1167 2532 argu-

125 2560 238 2610 menta
266 2540 435 2663 singpla
424 2566 461 2608 ιιι
491 2565 540 2610 οι.
568 2541 611 2608 de
632 2541 800 2612 Haloneso
827 2559 1072 2610 recensentur
1099 2544 1173 2611 (ἴο-Ὶ

123 2673 198 2714 ram
218 2647 271 2714 his
294 2646 386 2714 euim
406 2645 522 2740 legatis
536 2645 650 2718 habita
669 2647 752 2714 haec
769 2647 873 2714 oratio
884 2661 962 2776 ιιι,
980 2646 1167 2716 secundani

124 2753 266 2844 Dionys.
288 2750 363 2825 Hal.
387 2774 439 2845 ep.
463 2748 507 2817 ad
526 2752 638 2818 Amm.
660 2751 690 2841 S.
718 2774 766 2820 ιο.
789 2736 890 2841 (npic'
909 2750 984 2828 τοὺς
1009 2755 1167 2821 Φιλίππου
1196 2778 1198 2781 ’

122 2857 292 2947 πρέσβεις),
318 2852 456 2949 Olymp.
481 2855 572 2938 CIX,
595 2878 625 2922 2.
669 2854 766 2922 Huic
780 2870 891 2938 tamen
914 2854 1073 2950 legationi
1095 2881 1166 2924 non
1252 2873 1254 2879 ’
1291 2917 1292 2920 ,

124 2961 276 3027 interfuit
296 2960 415 3054 Pytho.
459 2960 540 3028 Eius
570 2960 662 3027 euim
688 2955 727 3027 ut
755 2959 900 3027 absentis
930 2961 1086 3026 meminit
1107 2985 1166 3027 au-

123 3082 198 3133 ctor
219 3063 261 3130 de
284 3063 405 3135 Halon
427 3090 462 3158 p.
485 3067 538 3134 81.
581 3063 716 3146 Πύθων,
740 3058 768 3130 ὃ1
781 3062 852 3130 τότε
873 3062 1061 3150 πρεσβεύων.
1070 3067 1100 3148 *)

211 3150 340 3236 Eociem
362 3189 461 3251 anno,
486 3167 626 3261 Olymp.
650 3167 741 3248 CIX,
769 3188 792 3231 a
815 3164 998 3258 Philippus
1015 3173 1166 3293 suscepta

81 3266 84 3273 ¹
123 3263 208 3339 nova
229 3273 266 3339 in
287 3273 467 3339 Thraciam
487 3271 708 3364 expeditione
731 3268 905 3359 Gordianis
934 3269 1055 3350 auxilie
1075 3273 1165 3342 misit

124 3374 276 3444 adversus
298 3377 482 3471 Diopithis‚
503 3375 794 3444 Atheniensium
778 3398 821 3442 ιιι
829 3372 1046 3447 Chersoneso
1067 3400 1165 3471 prae-

148 3758 193 3845 *)
215 3761 324 3824 lacohs.
346 3764 376 3823 in
392 3783 529 3866 prooem.
551 3762 588 3824 ad
610 3784 654 3824 οι.
665 3762 703 3824 de
716 3762 821 3824 Halon.
843 3757 1011 3848 (Staatsred.
1033 3763 1162 3828 d..Dem

209 3851 353 3933 p.375)
361 3852 476 3910 missum
498 3866 559 3911 tum
586 3872 709 3934 quoque
736 3850 897 3946 Pythonem
920 3873 982 3914 csse
1004 3874 1071 3913 cum
1092 3852 1164 3911 Phi·

209 3873 284 4039 lippi
307 3937 427 4018 epistola
456 3959 488 3996 re
490 3937 553 3997 leit.
599 3936 690 4016 Quod
713 3943 818 4028 quum,
844 3937 923 3998 uude
952 3940 1077 4021 ceperit,
1109 3960 1165 3998 ne
1258 3959 1263 3971 ι

207 4028 303 4100 sci‚am
327 4021 489 4083 confudisse
512 4025 579 4087 mihi
608 4026 650 4083 v‘ir
678 4016 859 4084 doctissimus
886 4026 958 4086 hanc
987 4026 1162 4110 legationem

123 4124 125 4131 ·
209 4131 275 4172 cum
295 4110 395 4195 priore
416 4109 463 4170 ille
480 4109 597 4196 Olynp.
620 4109 740 4191 CIX,a
765 4111 892 4186 Athenas
913 4112 997 4175 missa
1016 4111 1142 4216 videtup.
