2594 4672
627 231 918 374 EQ*

99 500 109 508 .
205 443 295 515 Nam,
312 436 468 505 induciae
488 453 664 519 renovatae
685 451 764 505 sunt
784 431 921 502 demum
941 432 1250 520 01.Lxxxtx,3

205 541 472 636 Elaphebolione
494 541 595 609 XXV
615 546 657 624 (v.
676 541 786 607 Thuc.
798 540 842 623 V,
867 541 931 629 19),
953 540 1140 631 incipiente
1162 565 1251 610 vene.

66 659 68 663 ’
206 651 250 716 Et
272 645 441 715 dissolutis
470 670 547 714 vere
578 645 716 738 Olymp.
747 644 945 724 LXXXIX,
969 667 989 711 a
1011 643 1159 713 induciis
1181 645 1252 714 hel-

204 753 362 843 lumper
390 767 492 819 totam
523 753 758 842 insequentem
793 758 948 815 aestatem
968 753 1110 840 *gestum
1123 768 1185 820 ,est
1212 751 1250 816 in

133 864 137 870 '
207 857 368 940 Thracia,
399 879 505 948 eaque
540 855 680 920 finiente
700 878 815 945 pugna
845 851 887 918 ad
913 852 1140 945 Amphipolin
1163 857 1252 922 acci·

208 962 259 1030 dit
284 961 338 1046 (V.
373 967 441 1044 12),
474 959 734 1050 insequentique
768 957 878 1023 hieme
906 957 1070 1049 Spartana
1099 959 1252 1026 subsidia

206 1066 292 1134 duce
321 1064 510 1156 Rhamphia
535 1086 710 1154 progressa
741 1078 819 1128 sunt
846 1060 889 1128 ad
911 1063 1060 1128 Pierium
1080 1063 1119 1129 in
1143 1065 1254 1132 Thes-

206 1169 304 1252 salia,
339 1166 399 1235 sed
430 1167 596 1234 Thessalis
635 1163 896 1259 impedientibus
934 1165 1072 1234 domum
1099 1167 1252 1237 reducta.

100 1283 103 1288 ’
208 1277 283 1359 Quo
305 1273 392 1341 facto
415 1274 611 1339 inimicitiae
635 1269 775 1364 quidem
788 1271 995 1338 intermissae
1016 1288 1093 1338 sunt
1114 1274 1171 1356 (V.
1187 1273 1253 1360 14),

207 1396 240 1446 et
262 1376 303 1444 de
325 1401 408 1470 pace
430 1373 644 1445 concilianda
671 1392 783 1442 actum
812 1392 861 1442 est
892 1399 955 1466 per
981 1373 1155 1468 reliquam
1180 1377 1254 1445 hie-

204 1483 269 1551 mis
290 1499 437 1573 partem,
468 1478 528 1547 sed
559 1479 640 1568 νιοὸς
665 1478 702 1546 τὸ
732 1479 787 1567 ἔαρ
814 1477 993 1568 παρασκευή
1020 1505 1253 1569 τοπροεπανε-

205 1588 319 1673 calo-in
346 1585 409 1652 ἀπὸ
435 1592 499 1652 τῶν
530 1586 808 1669 Λακεδαιμονίων,
843 1613 895 1660 -ε-·
913 1583 998 1661 ὅπως
1025 1584 1056 1650 oi
1083 1584 1253 1672 Ἀθηναῖοι

205 1697 325 1777 μᾶλλον
359 1687 531 1769 ἐςακοῦοιεν
562 1689 617 1772 (V.
649 1689 713 1778 17).
764 1689 857 1754 Tum
892 1687 1031 1755 demum
1069 1685 1266 1759 conciliata

206 1811 257 1862 est
281 1820 350 1892 pax,
375 1795 414 1860 in
442 1815 546 1860 annos
576 1794 822 1885 quinquaginta
850 1791 989 1884 Olymp.
1012 1785 1208 1877 LXXXIX,
1230 1795 1271 1864 3·

204 1897 405 1990 Elaphebol.
429 1897 538 1965 XXV·
581 1898 634 1963 De
665 1897 830 1965 renovatis
861 1913 972 1964 autem
998 1896 1128 1964 interea
1149 1897 1253 1966 indn-

207 2005 268 2069 ciis
289 2002 382 2093 pacis
403 1999 622 2093 paciscendae
644 2023 741 2066 causa
769 1998 858 2066 nihil
877 1998 1094 2093 Thucydides
1120 2003 1250 2086 scribit,

205 2128 336 2198 neque,
364 2104 456 2196 quod
490 2106 628 2173 omnino
651 2122 865 2197 exspectares,
886 2105 959 2172 hoc'
973 2121 1144 2188 memorat,
1166 2105 1250 2173 fini-

206 2228 283 2290 ente
300 2226 425 2296 ⁸aestate
445 2208 581 2301 Pythias
603 2207 758 2278 inducias
788 2210 976 2294 inimicitiis
1005 2209 1111 2277 finem
1139 2211 1254 2302 impo-

206 2317 326 2397 suisse,
359 2331 398 2381 ut
425 2312 507 2380 inde
542 2313 586 2380 de
617 2338 701 2406 pace
738 2313 949 2383 concilianda
984 2316 1167 2406 cogitatum
1198 2315 1251 2383 sit.

209 2421 320 2504 Quam
352 2419 397 2487 ob
429 2443 503 2504 rem
533 2416 744 2511 Thucydidis
777 2416 837 2486 illa
868 2425 925 2486 acii
961 2421 988 2486 δ’
1022 2419 1252 2506 ἐπιγιγνομένου

205 2525 324 2615 θέρους
357 2525 400 2591 αἶ’
424 2525 483 2609 μὲν
511 2523 658 2592 ἐνιαύσιοι
695 2525 828 2591 σπονδαὶ
860 2523 1030 2590 διελέλυντο
1057 2524 1152 2611 μέχρι
1179 2528 1252 2590 Πυ-

206 2631 291 2695 θίων
311 2645 368 2695 aut
389 2630 436 2693 ita
456 2625 667 2695 solummodo
684 2625 935 2718 interpretanda
948 2643 1041 2695 sunt:
1065 2629 1252 2721 incipiente

207 2748 328 2798 aestate
362 2728 420 2794 Ol.
457 2728 656 2812 LXXXIX,
693 2755 713 2797 a
749 2730 904 2798 induciae
932 2731 1047 2798 finitae
1075 2751 1155 2800 sunt
1181 2756 1253 2800 non

98 2867 100 2871 ·
206 2836 280 2927 ipso
293 2830 558 2925 Elaphebolionc
581 2834 674 2916 XIV,
696 2833 756 2902 sed
777 2836 922 2927 Pythiis‚
944 2836 1040 2902 brevi
1058 2853 1139 2929 post
1160 2838 1251 2918 actis,

208 2955 266 3005 aut
299 2937 393 3031 quod
425 2940 549 3006 rectius
586 2956 727 3032 propter
764 2940 965 3032 Pythiorum
999 2955 1128 3008 annum
1166 2943 1253 3008 Boe-

208 3041 327 3110 chhius
350 3060 475 3111 censet:
505 3068 635 3111 annuae
657 3043 831 3125 induciae,
861 3068 967 3137 quum
988 3033 1176 3138 incipiente
1199 3067 1252 3112 ae-

207 3165 289 3215 state
312 3148 368 3223 01.
390 3149 589 3229 LXXXIX,
612 3173 631 3216 a
655 3148 770 3216 finitae
792 3165 918 3230 essent,
951 3147 1134 3217 dissolutae
1156 3163 1252 3218 erant

206 3276 313 3344 usque
334 3251 378 3319 ad
399 3252 518 3345 Pythia
540 3252 598 3320 01.
621 3255 814 3335 LXXXIX,
837 3261 868 3336 3,
890 3254 955 3320 hoc
977 3269 1027 3346 est
1041 3251 1085 3319 ad
1100 3253 1251 3347 Elaphe-

160 3447 161 3451 ,
206 3349 379 3424 helionem
400 3357 516 3439 XXV,
547 3384 615 3452 quo
641 3383 747 3427 novae
772 3358 928 3426 induciae
956 3359 995 3424 in
1021 3380 1129 3426 annos
1153 3359 1252 3452 quin·

80 3518 83 3525 s
158 3554 161 3560 .
208 3461 370 3554 quaginta
388 3480 614 3555 pactaesunt.
658 3464 744 3532 Utut
762 3480 893 3560 statues,
916 3462 1037 3554 Pythia
1049 3487 1155 3532 verno
1169 3481 1253 3530 tem·

207 3589 292 3661 pone
315 3582 387 3632 acta
408 3576 442 3634 et
461 3584 528 3635 -aut
560 3567 1020 3661 extremisElapheholionis
1042 3566 1174 3649 diebus,
1198 3571 1253 3633 aut

209 3669 449 3763 Munychionia
470 3673 601 3764 primis,
622 3673 768 3765 probant
782 3690 896 3765 aperta
909 3670 1120 3765 Thucydidis
1140 3672 1250 3740 verbe

208 3775 311 3843 'Unde
334 3776 506 3844 orationes·
522 3776 564 3843 de
586 3800 709 3844 corona
730 3775 997 3869 Elaphebolione
1027 3778 1172 3845 ineunte
1199 3791 1252 3843 aut

146 3898 153 3915 ⁴
207 3879 424 3973 praecedenti
455 3880 712 3974 Anthesterione
741 3882 870 3950 habitas
903 3898 994 3973 patet
1022 3884 1142 3974 paucis
1172 3897 1252 3967 ,ante

208 3984 336 4078 Pythia·
356 3984 489 4068 diebus,
530 3987 647 4080 paucis
682 3978 763 4055 item
796 4003 872 4054 ante
910 3986 1075 4078 Dionysia
1111 3988 1251 4056 urbani.
1293 3974 1295 3983 ¹

83 4162 88 4178 ,
193 4089 256 4176 Et
273 4112 341 4186 pet·
357 4112 394 4162 ae
411 4087 554 4186 quidem
574 4090 757 4162 verisimile
776 4109 856 4179 -est,
868 4103 1036 4162 cantamen
1056 4091 1157 4165 brevi
1179 4107 1253 4162 ante
