2594 4672
628 310 774 370 22·

660 399 729 406 ..n-

133 475 163 562 ri.
187 477 250 557 Kal
263 474 423 541 ’πάλινοῦ
446 481 574 552 πολλαῖς
594 471 724 563 ἡμέραις
745 471 874 560 ὕστερον
896 473 939 548 alc
960 440 1132 615 detvliotp

202 598 204 602 .
549 579 631 632 orymp.
644 579 724 627 novt,
738 594 756 620 ².
796 597 799 601 -
822 594 823 598 =

222 681 305 759 Inde
322 709 341 748 a
354 706 467 774 pugna
481 680 524 748 ad
535 680 724 767 Haliartum·
734 681 909 759 commissa
925 677 1088 769 incepisse
1098 676 1174 744 bel-

24 781 28 788 *
134 789 207 855 lum
235 787 452 854 Corinthium
479 785 653 854 Pausanias
683 784 784 850 refert
821 784 888 865 tlt,
919 805 956 873 9,
1001 781 1044 848 ad
1080 781 1175 875 quod

133 893 215 969 haec
238 890 494 966 Atheniensium
517 890 680 979 expeditio
694 888 918 970 Corinthiaca,
943 911 1044 979 quam
1064 886 1175 954 verbis

67 1059 71 1067 ,
137 1021 237 1087 supra
259 994 413 1073 exhibitis
437 994 677 1069 Demosthenes
694 995 808 1086 tangit,
830 983 1002 1058 manifesto
1017 993 1174 1085 pertinet.

104 1164 107 1169 .
136 1100 247 1178 Rebus
270 1101 362 1178 enim
384 1095 525 1192 feliciter
545 1099 583 1164 in
604 1099 740 1166 Boeotia
761 1115 876 1165 contra
896 1094 1194 1164 Lacedaemonios·

65 1193 67 1197 ’
138 1200 329 1286 transactis,
363 1204 473 1279 statim
498 1205 613 1271 Boeoti
642 1220 675 1269 et
696 1202 931 1282 Athenienses,
951 1217 998 1267 ‚et
1024 1223 1102 1267 cum
1121 1200 1175 1268 his

139 1307 309 1385 Corinthii
330 1308 513 1400 Argivique
534 1309 722 1375 societatem
746 1311 834 1374 inter
855 1304 890 1373 se
912 1307 1073 1391 iunxere,'
1086 1329 1179 1375 eom-

139 1416 308 1507 munique
324 1413 415 1509 apud
430 1412 621 1489 Corinthios
637 1430 752 1481 senatu
767 1414 929 1493 instituto,
952 1412 1010 1505 qui
1033 1409 1178 1505 debello
1226 1399 1228 1402 ’

141 1518 286 1616 gerendo
311 1515 519 1601 deliberaret,
541 1543 604 1612 per
624 1517 746 1612 legatos
768 1518 811 1584 ad
833 1519 979 1585 civitates
1001 1518 1052 1583 ire
1073 1518 1201 1594 ius'sos,

140 1620 370 1720 [eomplures'a
397 1625 552 1702 societate
579 1623 918 1698 Lacedaemoniorum
940 1621 1180 1690 abalienarunt.

139 1729 395 1809 Lacedaemonii
417 1731 520 1821 igitur
542 1753 648 1820 quum
675 1729 920 1821 potentissimas
944 1726 1104 1795 Graeciae
1134 1727 1182 1795 ci-

139 1835 253 1910 vitates
274 1832 392 1912 foedus
415 1850 530 1899 contra
552 1856 586 1897 se
608 1833 721 1906 iniisse
743 1828 904 1913 viderent,
928 1831 1118 1925 Agesilaum
1140 1855 1181 1899 ex

141 1936 219 2015 Asia
252 1961 331 2015 cum
361 1937 466 2026 copiis
493 1934 717 2011 revocandum
750 1960 919 2002 censuere.
971 1936 1041 2029 Ipsi
1068 1933 1181 2003 tamen

140 2044 265 2119 interea
289 2064 329 2118 ex
351 2041 475 2117 civium
497 2041 731 2132 sociorumque
746 2039 878 2106 delectu
894 2041 1017 2133 insigni
1032 2042 1182 2123 exercitu

30 2238 33 2244 ,
143 2146 333 2238 conscripto
356 2141 558 2221 Corinthum
580 2169 689 2212 versus
711 2144 860 2224 hostibus
889 2140 1020 2213 obviam
1048 2168 1184 2237 proees-

143 2246 284 2326 serunt.¹
312 2245 413 2324 Diod
429 2250 523 2332 XIV,
546 2253 587 2319 82
622 2273 672 2342 sq.
718 2250 845 2341 Copiae
868 2248 909 2317 ab
925 2267 1065 2340 utraque
1086 2249 1187 2342 parte

143 2377 264 2444 magno
287 2376 426 2420 numero
451 2372 666 2448 congregatae
700 2353 742 2420 ad
764 2355 923 2421 Nemeam
950 2378 1092 2434 amnem,
1116 2353 1184 2421 Co-

144 2457 309 2524 rinthium
332 2474 365 2524 et
386 2455 579 2551 Sicyonium
604 2484 718 2549 agrum
740 2460 986 2530 interfluentem
1009 2459 1092 2540 (Liv.
1128 2459 1183 2539 33,

45 2585 53 2599 ’
149 2565 197 2630 15.
221 2562 261 2631 of.
280 2562 388 2630 Strab.
408 2563 501 2646 VlIl,
524 2566 665 2655 12:382),
689 2587 884 2643 convenere,
908 2562 1184 2653 commissumque

145 2668 193 2744 ibi
213 2666 478 2757 proeliumjest,
509 2668 546 2733 in
570 2690 636 2758 quo
666 2660 919 2734 Lacedaemonii
951 2668 1114 2758 egregiam
1136 2665 1186 2745 vi-¹

146 2770 284 2836 storiam
311 2785 534 2860 reportarunt.
585 2771 756 2861 Xenoph..
771 2768 858 2835 Hell.
886 2769 949 2850 lv,
984 2794 1020 2851 n,
1048 2793 1087 2860 9,
1109 2792 1183 2862 sqq.

146 2871 186 2948 ld
219 2869 385 2963 proelium
413 2873 531 2960 μεγάλη
564 2872 651 2960 μάχη
688 2874 768 2960 πρὸς
797 2876 1067 2959 Λακεδαιμονίους
1098 2871 1118 2962 ἦ
1151 2877 1185 2941 ἓν

145 2979 298 3079 Κορίνθῳ
319 2994 454 3044 vocatur
475 3002 494 3043 e
515 2977 742 3046 Demosthene
762 2976 831 3046 adv.
854 2977 948 3070 Lept.
974 3005 1008 3073 p.
1036 2977 1119 3068 472,
1146 2978 1186 3061 in

148 3106 214 3172 qua
236 3099 362 3163 tamen,
393 3097 432 3147 ut
454 3106 494 3148 ex
524 3081 643 3151 eodem
658 3134 659 3139 η
674 3080 748 3150 1000
776 3081 883 3148 videri
912 3100 1034 3175 potest,
1065 3083 1187 3150 Coriu-

60 3274 63 3287 .
121 3185 302 3263 ¹thiotfutn'
324 3211 392 3265 una
419 3186 533 3265 iactio‘
547 3185 806 3275 Atheniensibus
832 3189 943 3279 potius
971 3211 1188 3256 cumeorum

147 3290 247 3366 sociis
268 3287 404 3370 utilitati
426 3289 500 3382 init,
524 3280 624 3393 quain
647 3291 739 3384 quod
759 3291 816 3357 hio
828 3291 1067 3359 Demosthenes
1090 3293 1189 3358 iactat

147 3393 366 3472 Athenienses
389 3392 582 3474 Corinthiis.
627 3397 748 3488 Magna
771 3420 809 3462 ea
830 3421 945 3489 pugna
959 3398 1033 3464 iure
1056 3394 1187 3477 dicitur,

148 3498 188 3576 in·
220 3522 285 3595 qua
316 3524 336 3574 a
362 3493 703 3580 Lacedaemoniorum
733 3517 833 3595 parte,
856 3525 956 3592 supra
975 3492 1114 3586 trione,
1148 3500 1189 3566 ab

148 3600 415 3682 Atheniensium,
438 3605 639 3683 Boeotorum
656 3627 688 3682 et
702 3605 955 3689 Corinthiorum
967 3627 1067 3697 supra
1082 3606 1190 3673 03000

150 3708 367 3792 certaverint.
405 3708 560 3801 Xenpph
581 3707 655 3777 l.'c.
677 3712 708 3800 5.
735 3711 784 3789 ι6.
818 3708 1015 3794 ¹Commissa
1041 3729 1119 3775 vero
1142 3724 1192 3773 est

151 3828 225 3885 ante
254 3809 449 3887 archontem
478 3811 682 3890 Eubulidem
717 3815 902 3892 seeundum
932 3810 1117 3882 Aristidem
1148 3812 1190 3876 Τ.
1221 3877 1227 3887 ,

9 3950 13 3959 ·
46 3981 49 3987 .
152 3915 214 3995 Ill,
245 3939 279 4007 P÷
302 3914 441 4013 47401·
464 3917 597 3993 canter.
643 3919 856 4012 Olympiadis
884 3921 987 4012 igitur
1022 3915 1134 3985 XCVI
1161 3916 1191 3981 a.

152 4042 188 4097 ²2
218 4035 368 4112 tempore
396 4020 488 4104 houd
518 4019 620 4096 dubie
650 4048 769 4106 verno,
799 4042 836 4092 ut
865 4024 986 4093 coniici
1013 4037 1123 4114 potest
1149 4041 1191 4086 ex

153 4123 308 4228 Xenoph·
332 4125 355 4202 l.
379 4149 408 4203 c.
432 4150 459 4201 c.
484 4127 508 4206 l,
526 4126 559 4214 5.
583 4124 619 4224 iit
627 4153 764 4220 ,quum
778 4126 819 4203 ad
839 4127 1030 4217 Haliartum
1041 4121 1193 4192 eiusdem
