2594 4672
619 250 680 292 xttt

135 402 319 492 sitionem,
347 424 392 473 ex
419 425 502 501 qua,
530 426 624 475 aune
652 403 802 476 decreta
825 403 884 477 illa
910 403 956 476 ad
985 404 1039 477 01.
1066 411 1171 501 CVII,

136 545 160 594 a
186 519 315 596 referri
340 521 573 622 probabilius
608 526 762 622 possint,
796 524 927 598 melius
954 551 1063 626 quam
1099 512 1181 629 ego*

132 646 217 743 ipse
244 647 306 716 Tu-
325 635 519 717 iudica'bis.
571 645 612 714 lu
645 630 883 718 retractandis
916 650 1044 746 primis
1070 649 1173 723 duo-

50 789 54 792 ·
132 764 218 839 bus«
240 762 412 844 decretis⁴
434 763 471 836 id
506 767 662 837 maxime
697 764 888 857 contendi,
924 783 965 838 ut
1001 772 1170 844 omnibus

105 885 392 986 'discrepantiis
429 884 632 962 clarissime
667 884 839 974 detectis,
874 885 969 958 salso
1007 913 1048 960 ea
1081 891 1167 966 loco

112 1007 293 1081 ‘orationi
320 1031 400 1079 esse
428 1008 564 1079 inserta
584 1011 726 1080 Tecum
753 1009 853 1079 omni
883 1033 926 1087 ex
951 1025 1056 1108 parte
1073 1008 1192 1110 pr0-'

91 1157 93 1160 ⁴
131 1128 259 1203 harem
286 1125 614 1201 ert-confirmarem.
675 1133 723 1200 Et
758 1126 989 1202 Callisthenis
1016 1131 1181 1230 quidem⁴

132 1230 324 1334 decretum
360 1252 405 1320 ex
431 1252 511 1322 Tua
537 1251 717 1322 sententia
745 1252 897 1321 omnino
928 1250 1170 1348 probabiliter

131 1367 241 1445 statui
267 1368 315 1442 ad
341 1367 396 1440 Ol.
424 1371 552 1458 CVIII,
579 1375 603 1446 3
636 1368 884 1443 referendum.
938 1375 994 1445 De
1021 1375 1168 1447 Demo-

130 1488 272 1565 sthenis
298 1504 421 1562 autem
447 1487 599 1562 decreto
625 1504 774 1590 praeter
808 1495 926 1563 Tuam
953 1495 1168 1593 opinionem

128 1611 235 1685 altam
269 1613 362 1683 meis
406 1608 455 1684 de
497 1611 618 1683 causis
660 1604 908 1682 coniecturam
952 1636 1166 1712 proponere

128 1731 234 1807 haud
258 1731 386 1805 inutile
412 1729 510 1803 duxi.
563 1714 614 1803 Ita
640 1734 732 1803 meis
758 1734 827 1803 iam
849 1730 1054 1805 rationibus
1083 1759 1167 1808 cum

128 1855 221 1928 Tuis
262 1850 506 1926 recoucIliatis
548 1854 814 1952 conquiescere
856 1857 1036 1952 operique
1080 1881 1165 1928 meo
1213 1913 1238 1929 s

127 1975 243 2051 finem
268 1978 460 2074 imponere
486 1990 665 2072 poteram,
692 1998 809 2073 quum
836 1977 1000 2073 quaestio
1028 1975 1074 2048 de
1101 2003 1167 2049 ar-

105 2074 328 2191 'clrontibns
342 2084 669 2195 pseudep'onymis,
697 2093 901 2194 dequibus
917 2100 953 2169 in
966 2100 1165 2170 Prooemio

126 2234 294 2309 acturum
321 2241 381 2289 me
408 2240 490 2290 esse
523 2218 787 2316 promiseram,
821 2243 843 2288 a
869 2220 923 2288 Te
949 2221 1022 2291 iam
1050 2213 1187 2290 soluta'

127 2338 374 2438 absolutaque
401 2351 508 2410 esset.
560 2339 808 2410 Veruntamen
825 2336 885 2408 ad
917 2342 1017 2410 Tuas
1057 2341 1194 2413 simut

127 2482 305 2560 measque
340 2460 500 2533 rationes
537 2454 806 2530 confirmandas
840 2461 1164 2532 monumentorum

127 2577 380 2661 conditionem
431 2581 637 2652 accuratius
688 2580 884 2678 persequi,
936 2576 1164 2654 difficultates

125 2726 257 2776 omnes
292 2697 485 2801 detegere,
520 2699 783 2801 discrepantias
825 2699 1010 2799 explicare
1045 2719 1080 2773 et
1114 2706 1164 2775 ita

126 2825 256 2915 Tuam,
292 2845 404 2920 quam
431 2818 520 2892 milri
555 2826 626 2922 ipsi
651 2824 722 2895 iam
756 2823 909 2911 asserui,
943 2821 991 2892 de
1025 2848 1163 2895 monu-

126 2957 338 3022 mentorum
364 2942 584 3018 collectione
609 2945 827 3016 senteutiam
853 2943 902 3016 ab
929 2944 1030 3013 omni
1056 2960 1162 3042 parte

126 3065 225 3148 tueri
258 3080 294 3137 et
328 3089 411 3141 mea
444 3089 503 3137 me
538 3068 687 3138 omnino
712 3061 868 3136 iubebat
899 3062 1039 3162 religio,
1074 3083 1162 3136 mox

126 3201 250 3259 tamen
276 3201 312 3258 et
348 3202 533 3260 externum
569 3188 689 3284 coegit
723 3185 1011 3268 incitamentum.
1071 3190 1160 3258 Nam

127 3331 245 3406 quum
269 3318 408 3381 aestate
434 3310 632 3407 praeterita
665 3331 734 3406 per
761 3304 1007 3378 valetudinem
1034 3309 1160 3405 gravi-

127 3441 185 3502 ter
210 3444 378 3502 rexatam
405 3453 501 3526 opus
528 3426 577 3499 ad
610 3426 794 3528 plagulam
830 3419 1009 3500 decimam
1043 3453 1160 3526 quar-

100 3533 201 3620 'tam
234 3552 334 3650 typis
374 3551 449 3624 iam
473 3551 716 3647 exscriptum
750 3549 788 3618 in
830 3546 978 3648 longius
1012 3563 1158 3649 tempus

125 3667 290 3771 abiicere
323 3686 474 3744 coactus
508 3693 644 3759 essem,
689 3671 776 3741 satis
820 3683 960 3744 mature
997 3673 1159 3744 occurrit
1222 3725 1226 3731 .

124 3789 219 3862 mihi
251 3791 436 3892 Spengelii
470 3789 519 3864 tle
564 3789 802 3864 archontibus
842 3789 1157 3889 pseudeponymis

122 3914 162 3984 in
196 3913 360 3986 oratioue
396 3911 442 3986 de
478 3937 616 3986 corona
655 3915 939 4003 Commutatio,
959 3962 964 3975 ‚,
981 3927 1023 3984 ut
1061 3934 1156 4010 quae

121 4034 217 4110 meis
244 4038 409 4135 Tuisque
450 4031 666 4108 rationibus·
690 4035 872 4109 contraria
905 4046 1036 4107 auctor
1055 4063 1057 4066 ’
1076 4033 1156 4104 eins
