2594 4672
638 247 793 355 Q

200 417 307 484 Iidem
340 417 463 510 passim
513 438 627 483 omnes
674 416 745 483 fere
793 435 1020 488 memorentur
1069 428 1110 490 ab
1168 428 1236 494 Ae-

198 523 315 590 schine
343 550 376 588 π.
402 545 541 608 ueneno.
571 546 605 612 p.
636 522 677 589 30
709 547 753 589 m.
787 536 821 591 et
854 523 898 609 34
929 550 975 592 m.
1031 525 1075 593 Hi
1109 529 1236 600 abeunt

199 650 313 694 mense
335 627 467 693 circiter
490 623 704 709 Gamelione3
733 638 942 695 revertuntur
964 628 1236 722 Elaphebolione

198 734 352 812 ineunte,
386 732 482 796 cuiue
514 729 570 794 die
600 729 682 795 VlII
714 732 830 800 concio
858 731 912 813 fit,
944 750 1077 801 auctore
1107 737 1237 806 Demo·

197 837 332 916 sthene,
365 852 402 900 ut
432 858 536 925 quum
563 833 706 924 primum
733 834 885 928 Philippi
907 834 1005 927 legati
1027 838 1234 924 advenerint,

197 943 270 1007 sine
304 961 397 1005 mora
425 962 502 1003 cum
533 938 579 1002 eis
609 938 812 1027 transigatur.
866 940 987 1007 Aeseh.
1016 944 1052 1007 in
1077 944 1166 1011 Ctes.
1189 947 1234 1016 63

197 1044 244 1110 in.
294 1042 486 1108 Adveniunt
514 1041 666 1132 Philippi
701 1040 799 1132 legati
836 1042 879 1111 ad
910 1045 1072 1137 Dionysia
1095 1049 1233 1140 Magna.

197 1147 317 1214 Aesch.
339 1148 375 1211 iu
398 1145 484 1213 Cres.
507 1169 540 1236 p.
562 1145 606 1228 64
627 1170 670 1210 m.
694 1146 791 1212 Dein.
815 1143 856 1211 de
879 1170 946 1214 cor.
968 1174 1002 1240 p.
1026 1150 1099 1235 234.
1147 1154 1235 1238 Qui.

194 1253 258 1319 bus
281 1251 466 1329 celebratis,
489 1248 696 1340 praesidente
718 1248 797 1317 inde
819 1251 862 1316 ab
878 1251 1151 1344 ElapheboIionis
1174 1257 1235 1326 die

197 1359 247 1424 XI
269 1372 325 1422 aut
348 1355 413 1420 XII
442 1354 532 1418 tribu
554 1351 782 1434 Pandionide,
812 1355 865 1421 cui
887 1379 1042 1425 accensus
1071 1379 1141 1427 erat
1163 1363 1236 1431 De-

194 1460 382 1528 mosthenes
404 1467 445 1539 (v.
468 1482 569 1548 supra
589 1482 623 1549 p.
644 1458 690 1546 96
711 1459 822 1549 sq.)*),
845 1459 993 1526 eiusdem
1011 1465 1135 1548 mensis
1158 1464 1236 1533 die·

194 1567 256 1631 bus
281 1563 396 1629 XVIII
418 1579 451 1627 et
474 1563 555 1626 XIX
576 1563 735 1629 continuo
767 1559 809 1627 de
838 1587 919 1654 paee
942 1580 975 1631 et
995 1563 1129 1633 foedere
1152 1594 1235 1637 cum

83 1689 84 1692 ’
193 1669 309 1761 legatis
330 1668 429 1757 regiis
450 1667 568 1756 agitur.
612 1667 720 1733 Priori
733 1664 788 1732 die
802 1684 947 1735 oratores
969 1667 1011 1735 de
1024 1695 1108 1762 paee
1129 1675 1235 1743 verba

191 1847 503 1864 Μ

67 1979 82 1996 ’
157 1984 161 1989 ’
198 2026 204 2035 ,
235 1965 746 2048 ¹)Hocadhucsutu031icetiam
775 1988 832 2026 non
855 1967 1071 2048 eudemum,
1137 1975 1231 2039 odiu

279 2057 396 2116 decreto
419 2053 621 2121 Demosthenis
644 2049 687 2134 (p.
711 2054 785 2129 235)
808 2054 900 2114 tribus
927 2056 1082 2117 Pandionis
1104 2083 1123 2141 η
1145 2082 1228 2144 πρυ-

277 2134 447 2223 cavationem
470 2139 589 2210 dicitur,
612 2139 665 2198 sed
687 2139 769 2221 quod
790 2142 998 2204 Demosthenes
1019 2145 1132 2221 duabus
1154 2170 1227 2209 cou-

278 2230 364 2288 tinuis
386 2224 571 2287 concionibus
593 2223 737 2308 proedrus
764 2227 817 2286 fuit
839 2224 879 2310 (v.
903 2251 990 2312 supra
1011 2255 1041 2314 p.
1068 2254 1129 2293 too
1153 2239 1227 2314 not.)

196 2340 200 2351 ·
278 2331 306 2376 et
336 2317 364 2374 in
393 2334 490 2374 earum
527 2313 612 2372 altera
646 2303 663 2371 ὃ
696 2309 903 2396 ἐπιψηφίσας,
936 2339 1024 2398 quem
1056 2320 1160 2380 eadem
1189 2321 1227 2384 de

268 2389 359 2464 causa
380 2417 441 2460 tum
464 2397 532 2479 (hoc
555 2415 597 2460 est
620 2400 668 2468 OI.
691 2400 795 2476 CVIII,
820 2403 849 2477 a)
871 2402 964 2462 adhuc
985 2421 1138 2486 prytaunm
1162 2410 1229 2491 epi·

276 2506 374 2551 statam
409 2486 625 2568 intelligendum
661 2508 715 2546 nec
750 2488 908 2569 proedrum
940 2513 997 2550 non
1033 2494 1228 2569 contribulem

275 2578 469 2637 Schoemaooo
493 2572 620 2633 concedo
644 2569 696 2655 (de
719 2573 822 2633 Comit.
839 2598 868 2657 p.
892 2597 929 2652 92
955 2579 1003 2654 Α.)
1025 2594 1053 2637 et
1077 2580 1227 2643 Boeckhio

276 2664 378 2742 (Corp.
407 2661 493 2718 Inscr.
516 2659 585 2718 Vol.
608 2660 630 2718 I.
652 2682 683 2740 p.
710 2663 773 2718 130
793 2662 849 2738 th),
872 2663 924 2744 qui
947 2663 994 2723 OI.
1018 2664 1227 2730 CIX-CXI

275 2748 458 2808 mutationem
487 2747 561 2804 illam
584 2746 684 2805 factam
705 2764 810 2824 censet,
838 2771 872 2807 ex
901 2772 959 2830 qua
988 2745 1173 2834 ἔπιψῆφισις
1195 2757 1225 2816 in

275 2837 382 2896 Senatu
412 2847 441 2891 et
462 2833 492 2890 in
521 2832 668 2907 Comitiis,
704 2855 778 2914 quae
798 2849 890 2894 -antea
910 2852 1062 2917 prytanum
1085 2843 1224 2920 epistotae

274 2922 374 2995 suerit,
407 2918 444 2978 acl
472 2917 618 3000 proedros
646 2940 704 2978 non
734 2921 908 2981 contribules
942 2926 1091 2984 transierit.
1147 2928 1223 2990 Sunt

275 3008 408 3092 quidemj
439 3027 516 3088 quae
538 3005 574 3064 ad
597 3005 665 3065 haec
687 3009 797 3066 moneri
819 3009 945 3090 possint:
969 3010 1021 3071 sed
1043 3033 1076 3071 ea
1098 3014 1223 3075 retineo.

275 3095 366 3175 Quod
388 3094 462 3153 enim
479 3092 516 3152 ‹Ie
539 3091 868 3167 ‹luobusilliscontinuis
890 3096 1078 3157 concionibus
1099 3122 1131 3181 p.
1160 3122 1222 3163 too

274 3187 314 3262 (in
336 3183 414 3256 nota)
436 3180 535 3256 statui,
567 3180 596 3238 iu
617 3180 686 3253 hoc,
717 3174 808 3263 quum
829 3180 909 3242 aliter
931 3184 1100 3244 Aeschinem
1122 3207 1223 3248 secum

273 3268 416 3329 conciliari
442 3288 499 3326 noo
528 3287 614 3348 posse
645 3287 789 3344 censeam,
820 3268 903 3327 etiam
924 3289 999 3328 nunc
1021 3286 1136 3356 persto,
1166 3275 1223 3334 nisi

204 3349 222 3373 ¹¹
245 3376 248 3381 ·
273 3353 356 3439 qnod
377 3374 452 3412 nnnc
473 3354 642 3411 concionum
663 3352 772 3411 illarum
783 3355 909 3435 priorem
930 3353 968 3414 de
990 3358 1135 3418 sociorum
1156 3361 1224 3422 inre'

228 3464 231 3469 ·
271 3439 393 3502 iurando
418 3434 687 3521 Ἐλαφηβολιῶνος
715 3434 787 3523 ἕκτῃ
820 3437 925 3522 putu,
950 3464 1038 3524 quem
1060 3444 1138 3505 diem
1159 3449 1225 3508 Ae·

272 3529 385 3609 schiues'
410 3549 452 3588 or.
485 3527 513 3585 in
536 3525 614 3584 Ctes.
641 3547 672 3607 p.
702 3524 743 3595 64
763 3549 801 3587 m.
829 3527 945 3588 decreto
967 3531 1123 3609 confirmat,
1145 3533 1224 3595 alte·

271 3637 348 3691 ram,
377 3614 407 3673 in
440 3634 498 3697 qua
525 3612 612 3671 invito
634 3613 827 3674 Demosthene
849 3613 979 3695 proedro
1001 3617 1144 3698 perlatum
1167 3619 1224 3682 de-

272 3717 382 3764 cretum
403 3701 439 3759 sit
462 3699 497 3759 de
519 3697 696 3758 admittendo
719 3697 756 3756 ad
770 3699 815 3758 ius
837 3700 988 3760 iurandum
1010 3724 1075 3762 cum
1096 3706 1224 3791 reliquis

272 3788 356 3851 sociis
385 3785 592 3868 CersobIeptae
625 3785 736 3867 legato,
769 3780 892 3869 πέμπτῃ
919 3786 1008 3869 pita.
1044 3790 1162 3869 factam,
1193 3809 1224 3855 et

271 3870 454 3950 Aeschinem,
482 3875 534 3957 qui
556 3865 674 3954 ἕβδόμῃ
702 3893 762 3932 eam
789 3889 987 3956 congregatam
1008 3875 1078 3936 dicit
1099 3900 1133 3939 π.
1157 3900 1225 3942 πα-

193 4002 196 4007 -
229 3960 243 4001 =³
271 3975 365 4048 paup.
387 3984 418 4046 p.
443 3964 494 4040 39,
517 3958 631 4021 omuino
652 3959 713 4020 sive
734 3959 865 4020 consulto
886 3981 939 4022 seu
959 3965 1094 4025 memoria
1116 3965 1224 4031 falsum

269 4053 392 4135 opium·-⁵
459 4098 463 4109 ,
