2580 4680
562 255 660 310 ,rx

116 416 300 515 Magnum
332 410 410 484 hoc
436 409 597 484 officium
623 411 744 481 Tuum
770 407 887 500 aliud,
915 405 1017 505 quod
1042 405 1161 478 maius

118 537 230 611 etiam
261 526 443 622 dixerim,
474 528 693 630 excipiebat
746 533 804 603 Tu
839 530 936 602 enim
963 552 1073 627 quum
1101 552 1161 598 me

118 660 155 730 in
181 650 350 728 edendis
375 655 466 726 meis
494 655 565 727 iam
592 666 814 751 occupatum
841 652 1098 748 comperisses,
1125 664 1165 718 ut

119 778 150 849 ai
177 800 260 875 qua
288 789 428 867 essent,
454 776 493 846 in
520 773 656 872 quibus
691 796 796 856 meae
830 772 991 843 rationes
1025 795 1046 840 a
1073 771 1164 841 Tuis

120 894 328 984 differrent,
357 889 416 986 de,
430 895 478 965 iis
503 897 598 966 inter
620 917 687 965 nos
706 891 830 964 denuo
857 905 1040 989 ageretur,
1067 913 1166 988 pro-

120 1014 296 1115 posuisti,
322 1011 429 1084 simul
454 1010 546 1108 mihi
571 1009 647 1084 hoc
673 1010 876 1084 liberaliter
903 1009 1094 1100 deferens,
1126 1024 1165 1079 ut

124 1132 338 1236 dequibus
371 1135 421 1203 ita
455 1132 552 1204 inter
582 1157 653 1204 nos
688 1149 910 1206 conventum
944 1147 1058 1223 esset,
1094 1155 1165 1228 ego

124 1253 215 1330 laec
252 1257 291 1328 in
326 1250 543 1351 Appendice
576 1277 661 1325 meo
696 1252 792 1326 libro
828 1253 999 1328 addenda
1043 1277 1167 1351 expo-

124 1399 268 1466 nerem,
298 1397 396 1472 quae
431 1398 521 1447 vero
555 1372 783 1473 persuadere
816 1375 906 1450 mihi
942 1375 1062 1445 minus
1087 1397 1171 1471 po-‚
1256 1401 1258 1407 ·

124 1500 280 1585 tuisses,
308 1520 352 1567 ea
378 1492 425 1567 ad
451 1492 702 1569 confirmanda
727 1519 823 1594 quae
856 1498 893 1567 in
928 1499 1168 1567 Commenta-

123 1619 225 1691 tione
254 1618 340 1689 Tua
364 1615 532 1707 brevius,
565 1619 705 1718 quippe
741 1614 900 1688 devitata
927 1613 1093 1686 uberiori
1119 1613 1168 1684 de

122 1739 237 1814 rebus
277 1739 392 1838 gestis
419 1741 672 1831 enarratione,
708 1738 918 1829 statuisses,
952 1739 1030 1807 Tuo
1050 1759 1080 1841 ¹a
1106 1759 1167 1806 me

123 1863 279 1934 nomine
306 1861 652 1959 pronunciarentur.

226 1984 334 2056 Haec
361 1986 452 2072 Tua,
479 1981 657 2074 Boeckhi,
685 2006 772 2083 erga
798 2006 858 2054 me
874 1979 1071 2082 singularis
1098 1977 1172 2065 fuit,

122 2104 355 2193 hnmanitas3
391 2105 497 2176 cuius
529 2102 738 2177 recordatio
776 2128 821 2176 eo
854 2100 1170 2203 gratioressimul
1211 2156 1215 2161 f

122 2229 158 2300 in
184 2251 253 2303 me
280 2221 434 2298 affectus
461 2229 669 2315 exsuscitat,
697 2250 771 2324 quo
799 2228 915 2324 magis
937 2249 979 2296 ea
1006 2224 1169 2295 animum

124 2370 254 2420 meum
280 2346 433 2416 memini
459 2369 505 2418 eo
538 2349 622 2445 ipso
658 2361 826 2444 tempore
862 2344 1037 2443 gravibus
1070 2346 1170 2415 curis

124 2471 304 2567 vitaeque
342 2463 659 2539 vicissimdinibus
699 2464 871 2538 afflictum
910 2464 1097 2536 sublevari
1134 2479 1174 2549 et

123 2591 231 2690 erigi.
287 2590 376 2659 Nam
402 2587 464 2660 illa
490 2584 664 2678 conditio,
690 2584 951 2659 humanissime
974 2588 1063 2658 aTe
1078 2582 1169 2655 mihi
1232 2649 1243 2660 ,

124 2711 343 2810 proposita,
384 2711 599 2782 suavissima
631 2733 691 2782 me
733 2734 827 2804 sane.
865 2708 984 2781 affecit
1023 2706 1171 2795 laetitia,

123 2852 248 2931 quum
284 2829 317 2899 si
349 2854 454 2902 meae
481 2832 525 2900 'in
552 2827 789 2927 explorandis
824 2829 938 2902 rebus
972 2854 1170 2928 rerumque

124 2946 369 3049 temporibus
425 2975 501 3023 non
559 2949 741 3025 mediocri
783 2950 1008 3052 diligentiae
1048 2952 1170 3020 Tuum

105 3074 334 3145 ·accessiset
368 3069 565 3166 iudicium,
599 3096 729 3144 omnes
765 3095 859 3169 quae
892 3067 984 3140 mihi
1020 3067 1172 3141 reside-

125 3207 213 3264 rent
236 3189 490 3267 dubitationes
524 3207 710 3269 remotum
742 3188 835 3262 mihi
870 3194 1049 3290 operique
1084 3213 1170 3263 meo

125 3310 231 3386 haud
276 3315 451 3414 exiguum
486 3318 753 3409 incrementum
787 3312 937 3389 allatum
971 3314 1033 3403 iri,
1065 3336 1172 3411 spem

126 3436 166 3508 in
191 3459 255 3507 me
284 3437 460 3510 excitaret
484 3436 739 3511 firmissimam,
798 3435 910 3531 Quod
943 3438 1052 3507 etiam
1085 3460 1173 3507 om-

125 3556 219 3629 nino
245 3558 341 3629 meis
368 3555 531 3634 mihies
558 3559 654 3634 votis
677 3561 865 3633 successit.
918 3561 1046 3657 Neque
1074 3557 1173 3630 enim

124 3680 163 3751 in
199 3677 444 3752 retractandis
487 3676 713 3781 quibusdam
754 3683 847 3754 meis
890 3674 1173 3778 castigandisve,

123 3822 257 3900 neque
283 3801 322 3871 in
348 3804 555 3876 accuratius
583 3798 815 3900 explorandis
842 3801 921 3875 aliis
935 3804 1057 3872 Tuum
1080 3796 1173 3870 mihi

123 3941 322 4023 umquam,
349 3938 526 4022 quantum
556 3941 657 4002 certo
683 3925 763 4001 fieri
790 3952 860 4026 per
892 3926 1029 4001 litteras
1057 3904 1175 4028 pote-2
1212 3928 1217 3938 '

121 4059 194 4137 rat,
222 4039 420 4118 coneilimn
445 4044 569 4125 defuit.
