2580 4680
86 420 92 436 ’
120 444 155 499 ct
177 431 220 494 ob
245 448 317 490 eam
339 425 445 516 ipsam
467 425 629 493 nimirum
651 449 801 508 causam,
825 451 931 518 quum
954 449 1023 495 non
1045 427 1161 496 adver·

118 555 176 599 aus
199 529 418 596 Athenienses
440 527 525 597 solos
548 553 662 595 verum
685 531 784 596 etiam
806 528 959 598 adversus
982 532 1162 600 Thebanos

117 632 317 702 bellandum
345 631 409 698 sibi
438 630 509 700 fore
540 649 717 713 metueret,
749 634 892 700 traiectis
925 634 1160 729 Thermopylis

117 741 212 806 inter
232 738 357 828 primas
380 758 456 802 cum
478 735 736 802 Atheniensibus
761 735 912 803 inducias
941 761 1075 805 omnem
1105 763 1160 806 ex-

119 843 266 909 ercitum
296 858 512 932 congregaret
547 844 591 926 (v.
630 839 753 906 decret.
783 840 905 906 Athen.
945 841 988 907 Π.
1024 867 1059 935 p.
1095 846 1158 911 28²

119 952 224 1027 erm).
270 943 478 1010 Immineutis
499 967 577 1010 vero
606 944 650 1010 ita
683 944 866 1034 gravissimi
897 944 1040 1033 periculi
1068 965 1159 1013 metu
1252 979 1255 984 ¹

117 1047 405 1128 Thebanisatius
427 1035 474 1112 in'
491 1049 679 1138 praesentia
699 1048 773 1127 rati,
796 1048 824 1112 si
853 1071 981 1115 moram
1001 1048 1158 1130 facerent,

117 1143 280 1243 Philippo
302 1150 395 1216 brevi
420 1168 568 1242 tempore
590 1169 667 1218 ante
689 1167 819 1243 captam
848 1149 1006 1233 Elateam,
1028 1171 1158 1244 paratos

117 1280 155 1324 se
178 1254 221 1322 ad
243 1278 360 1345 pacem
383 1269 415 1318 et
445 1253 659 1321 concordiam
680 1251 917 1321 observandam
951 1279 1020 1323 esse
1053 1274 1086 1322 et
1115 1257 1159 1322 de

117 1359 222 1426 rebus
249 1357 479 1448 praesentibus
507 1357 626 1423 melius
649 1359 791 1448 cogitare
818 1355 915 1438 velle,
937 1356 1157 1426 declararunt.

116 1463 211 1531 Ilaec
233 1463 347 1527 omnia
370 1459 467 1527 docet
499 1460 649 1552 Philippi
678 1461 722 1526 ad
747 1460 926 1528 Thebanos
951 1485 1157 1553 responsum,

121 1563 215 1659 quod
236 1582 338 1632 exstat
369 1566 406 1630 in
428 1588 476 1632 or.
499 1563 542 1630 de
568 1587 636 1631 cor.
665 1589 700 1655 p.
728 1565 791 1633 283
820 1588 888 1656 sq„
919 1582 952 1632 et
973 1563 1089 1632 datum
1110 1584 1171 1635 est*

120 1692 234 1737 mense
255 1667 477 1759 Thargelione
499 1667 555 1734 Ol.
580 1668 652 1748 CX,
676 1692 707 1749 a,
729 1683 767 1733 ut
787 1667 874 1734 infra
888 1669 1156 1736 monstrabimus.

121 1774 249 1864 Hisque
272 1771 510 1838 Thebanorum
541 1770 687 1840 consiliis
715 1769 870 1839 audacior
898 1770 1032 1848 tandem
1052 1772 1158 1840 factus

122 1875 300 1968 Philippus
333 1877 472 1968 propius
504 1877 571 1942 iam
606 1877 644 1943 in
685 1876 860 1943 Graeciam
891 1877 994 1945 movit
1029 1874 1158 1943 Elatea-

124 2004 190 2075 que
215 1981 338 2071 potitus
366 1999 424 2047 est
479 1981 553 2064 Quo
584 1980 669 2048 lacto
699 1980 916 2079 Athenienses
945 1983 1014 2047 iam
1042 2003 1157 2048 omnes

120 2085 278 2178 pristinas
319 2084 500 2152 simultates
535 2084 717 2177 deposuere
752 2085 795 2172 (v.
828 2083 950 2152 decret
984 2085 1156 2152 Demosth.

120 2191 160 2255 in
191 2212 239 2256 or.
272 2187 315 2268 de
348 2212 414 2255 cor.
445 2213 479 2278 p.
517 2191 624 2277 289.),
671 2187 889 2278 'Ihehanique
924 2188 1157 2255 Demosthenis

121 2291 313 2384 eloquentia
347 2292 530 2357 exsuscitati
564 2292 698 2356 mutatis
727 2292 794 2356 iam
833 2288 979 2356 consiliis
1012 2290 1157 2357 oblatam

122 2397 186 2464 sibi
211 2396 251 2462 ab
273 2395 531 2461 Atheniensibus
559 2393 746 2461 societatem
774 2393 942 2485 arripuere
972 2392 1083 2482 (Deru.
1112 2393 1155 2460 de

121 2525 191 2570 cor.
214 2525 247 2592 p.
272 2502 334 2579 278
358 2516 390 2565 et
412 2502 475 2588 298
497 2506 593 2591 sqq.).
1077 2582 1079 2586 μ

212 2605 304 2686 Quae
327 2629 431 2693 quum
453 2605 498 2668 ita
519 2604 595 2682 sint,
619 2599 790 2693 epistolam
812 2601 854 2668 ad
876 2599 1156 2694 sociosPelopon·

121 2710 271 2775 nesiacos
310 2708 447 2773 omnino
485 2730 597 2772 mense
638 2709 705 2772 iam
739 2707 983 2800 Metagitnione
1018 2705 1156 2799 Olymp.

123 2813 197 2890 CX,
223 2834 241 2875 a
264 2812 431 2900 scripsisse
452 2809 627 2902 Philippus
649 2828 769 2903 potest,
793 2829 826 2877 et
847 2834 1050 2904 quamquam
1070 2833 1157 2877 non-

123 2915 207 2981 dum
230 2914 405 2979 Graeciam
428 2915 608 3003 ingressus,
639 2937 676 2979 ea
699 2932 809 2980 tamen
838 2915 905 2980 iam
927 2932 998 2980 tum
1019 2912 1156 2979 simula·

122 3022 229 3096 tione,
261 3042 298 3082 ac
326 3019 353 3083 si
383 3040 452 3084 non
479 3017 631 3103 adversus
666 3016 844 3084 Thebanos
877 3034 911 3082 et
936 3015 1156 3081 Athenienses

122 3147 220 3215 agere
244 3122 447 3198 instituisset,
471 3123 597 3212 quippe
620 3119 788 3186 Thebanis
821 3120 889 3184 iam
917 3134 989 3184 tum
1010 3115 1156 3185 consiliis

121 3229 193 3290 eius
225 3250 293 3290 non
324 3222 582 3317 adspirantibus,
609 3221 653 3300 ὥς
679 3222 738 3306 οὐχ
763 3220 921 3306 ὑπήκουον
948 3222 978 3287 οἳ
1007 3223 1153 3308 θηβαῖοι,

123 3346 162 3394 ut
184 3330 230 3393 ait
262 3327 499 3393 Demosthenes
531 3320 572 3393 d'e
602 3350 669 3394 cor.
703 3352 736 3419 p.
760 3349 840 3416 279,
873 3326 933 3416 qui
961 3325 989 3392 si
1010 3327 1082 3418 ipsc
1103 3327 1155 3392 his

120 3432 231 3498 verbis
263 3450 391 3520 tempus
421 3432 568 3498 Elateam
599 3448 730 3524 captam
761 3433 942 3523 insequens
968 3429 1155 3521 significare

119 3532 288 3614 voluisset,
318 3532 359 3600 de
389 3533 549 3602 industria
579 3539 698 3627 potius
712 3539 752 3602 ab
781 3535 868 3602 iusto
899 3556 1013 3601 rerum
1039 3532 1156 3601 ordine

121 3636 274 3732 paullum
297 3635 478 3706 declinasse
508 3637 671 3711 dicendus
694 3654 793 3720 esset,
823 3659 891 3730 quo
920 3638 1080 3706 maiorem
1100 3633 1158 3700 ad·

119 3743 264 3810 versario
282 3741 445 3810 conflaret
465 3742 635 3812 invidiam.

210 3845 267 3910 His
307 3845 409 3934 igitur
440 3846 685 3915 evidentissime
728 3842 764 3911 id
797 3861 886 3912 certe
920 3843 1158 3912 demonstrasse

120 3949 205 4016 mihi
239 3947 369 4026 videor,
415 3950 589 4041 epistolam
622 3948 773 4040 Philippi
809 3972 870 4015 nec
907 3965 983 4040 post
1027 3961 1157 4036 captam

120 4052 268 4120 Elateam
291 4054 448 4144 scriptam
470 4077 555 4120 essse
577 4077 685 4144 posse,
710 4076 772 4120 uec
795 4076 910 4120 mense
932 4049 1067 4117 domm
1084 4046 1160 4118 Sci·

788 4160 831 4228 to
