2594 4672
566 273 723 378 ..3:⁹2⁵-

125 445 213 511 ciam
233 410 488 560 impressionem
482 435 589 510 bello
602 444 762 524 terrestri,
782 465 852 510 non
865 459 931 509 tam
948 465 1047 508 naves
1062 464 1165 534 quam

124 545 249 616 milites
270 545 466 613 necessitas
454 546 635 638 exigebat
682 547 791 630 Quam
820 547 864 614 ob
883 569 972 626 rem,
1001 543 1165 640 s1plures

126 678 167 720 ex
186 673 272 719 novo
286 639 530 717 trierar‘chiae
520 651 669 718 instituto
683 647 799 717 classes
812 651 949 717 emissae
962 665 1048 732 sunt,
1071 651 1166 718 omni

127 778 167 820 ex
195 772 291 849 parte
321 752 533 822 redeundum
562 770 610 820 est
642 751 685 819 ad
707 752 847 848 Olymp.
871 738 984 820 CXa.
1012 777 1047 836 1,
1070 756 1166 821 cuius

126 860 238 952 itaque
258 874 375 926 mense
403 857 648 927 Boedromione
675 855 742 922 lata
772 858 816 924 sit
843 855 901 923 illa
929 857 1194 926 Demosthenis

110 961 176 1029 ‘lex
206 962 429 1030 trietarchica.
474 959 585 1041 Unde,
617 952 722 1052 quum
750 959 889 1054 Olymp.
913 961 996 1043 CX,
1018 986 1038 1028 ι
1060 963 1168 1031 Heca-

125 1068 325 1135 tombaeone
345 1063 470 1130 bellum
484 1066 680 1156 Byzantium
700 1067 922 1157 compositum
934 1066 986 1146 sit,
1001 1065 1064 1133 »lex
1084 1067 1168 1134 haec

126 1173 345 1261 interipsum
367 1169 434 1233 iam
454 1168 607 1261 Byzantii
629 1165 838 1237 obsidionem
859 1169 940 1236 ferri
962 1171 1088 1263 potuit,
1115 1195 1170 1239 so-

127 1273 200 1340 luta
221 1274 290 1338 iam
304 1295 404 1364 paee,
427 1269 636 1364 decretisque
664 1271 792 1339 auxiliis
813 1274 1012 1367 Byzantium
1033 1277 1171 1342 mitten·
1245 1344 1252 1353 „

129 1376 193 1458 dis,
217 1391 251 1442 et
273 1373 366 1467 quod
387 1373 545 1467 equidem
564 1377 717 1468 suspicor
736 1376 825 1442 iuter
833 1379 989 1467 primam,
1013 1379 1068 1444 cui
1082 1379 1172 1447 Cha'-

130 1479 366 1574 respraefuit,
401 1477 664 1574 expeditionem,
694 1476 915 1572 alteramque,
946 1482 1000 1548 cui
1021 1481 1173 1551 Phocion

128 1585 315 1680 praefectus
338 1599 395 1651 est.
441 1584 492 1651 Gi.
506 1608 574 1651 ,ιιι
598 1608 672 1677 sup.
694 1598 736 1674 7.
770 1585 890 1676 Neque
920 1580 1072 1678 opinioni
1092 1587 1173 1656 huia

130 1708 262 1758 nostrae
285 1687 473 1781 quidquam
500 1693 632 1757 obstant
652 1688 888 1756 Demosthenis
910 1688 984 1755 illa:
1016 1689 1172 1777 βούλομαι

117 1797 235 1877 ἱτοίνυν
256 1795 436 1862 ἐπανελθεῖν
457 1793 503 1883 ἐφ’
524 1792 546 1861 ἃ
568 1791 687 1861 τούτων
708 1791 779 1880 ἑξῆς
792 1792 1021 1880 insistentium,
1047 1796 1171 1888 quibus

130 1899 273 1993 maxime
305 1899 424 1966 nititur
452 1899 553 1988 Petiti
583 1900 757 1966 sententia.
808 1897 895 1965 Nam
923 1900 959 1964 in
991 1898 1043 1966 his
1070 1907 1172 1969 ταῦτα

130 2019 209 2070 sunt
236 2001 277 2070 τὰ
299 2002 370 2101 τότε
391 2004 646 2090 πεπολιτευμένα,
680 2028 718 2070 ea
739 2004 860 2097 igitur,
889 2026 974 2096 quae
1003 2029 1023 2070 a
1049 2028 1085 2072 se
1113 2002 1173 2072 de-

130 2125 222 2175 creta
255 2131 324 2174 esse
352 2126 385 2174 et
411 2127 501 2199 acta,
531 2130 637 2200 quum
669 2110 870 2201 Byzantium
897 2108 1065 2201 aggressus
1087 2124 1174 2177 esset

131 2209 323 2306 Phi-lippus,
340 2211 461 2278 retulit
481 2212 721 2301 Demosthenes
749 2237 850 2304 supra
871 2238 906 2306 Ρ
934 2213 998 2300 244
1020 2239 1088 2308 sq,
1110 2238 1172 2282 nos

136 2314 270 2383 decreta
301 2339 369 2381 esse
404 2315 542 2411 Olymp.
568 2315 646 2397 CX,
681 2340 692 2382 1
731 2317 867 2395 ineunte
900 2320 1172 2402 monsttavimus3

133 2419 247 2515 itaque
268 2416 395 2507 bellum
416 2419 556 2511 quidem
578 2419 781 2511 significant,
803 2420 1039 2488 Demosthenis
1062 2438 1174 2489 aucto·

130 2525 230 2591 ritate
250 2547 314 2615 pro
336 2525 507 2615 Byzantiis
531 2542 737 2616 susceptum,
769 2546 840 2591 non
868 2540 981 2591 tamen
1003 2549 1042 2592 ea
1060 2527 1173 2613 etiam,

121 2651 224 2723 ,quae
241 2624 330 2696 bello
353 2628 504 2736 confecta
525 2646 619 2710 sunt,
650 2629 684 2695 h.
709 2653 736 2694 e.
758 2628 909 2720 Byzantii
930 2629 1173 2722 liberationem.

133 2735 220 2826 Ipsa
239 2749 350 2799 tamen
385 2724 491 2819 etiam
514 2734 597 2800 haec
630 2731 723 2800 addit
755 2732 998 2803 Demosthenes
1026 2734 1049 2802 l.
1077 2761 1103 2803 s.
1132 2759 1174 2818 c.,

132 2836 275 2918 scilicet,
309 2853 348 2903 ut
368 2837 489 2910 simul
492 2814 682 2933 hellum,a
663 2862 738 2923 ase
761 2836 950 2920 decretum,
978 2840 1176 2931 frugiferum

132 2943 183 3009 rei
204 2941 359 3037 puhlicae
381 2942 481 3010 luisse
505 2940 720 3029 demonstret
764 2943 902 3035 Ubique
926 2944 1017 3009 enim
1040 2968 1079 3010 eo
1102 2960 1176 3010 ten-

133 3029 195 3130 dit,
218 3064 254 3113 ut
276 3070 370 3112 suam
391 3047 440 3112 rei
461 3046 617 3137 publicae
640 3042 963 3112 administrationem
985 3045 1152 3113 defendat.

199 3151 340 3243 ¹Itaque
368 3148 663 3243 pseudeponymus
686 3151 787 3215 etiam
808 3149 971 3241 Polycles,
997 3151 1056 3278 qui
1077 3175 1176 3244 prae

134 3255 221 3323 fixus
240 3270 293 3325 est
313 3250 435 3323 libello
459 3252 501 3320 de
532 3251 720 3329 absoluto
711 3277 748 3317 ιιι
768 3260 875 3342 γραφῇ
896 3253 1096 3341 παρανόμων
1107 3254 1177 3331 De-.

134 3338 320 3457 mosthene
330 3356 384 3442 (de
408 3382 476 3426 cor.
498 3383 533 3452 Ρ.
556 3357 642 3440 261),
666 3355 880 3425 aCotsino
870 3382 907 3423 tn
923 3356 1060 3452 Olymp.
1085 3358 1176 3441 CIX,

133 3446 314 3557 qrelatus,
336 3461 541 3548 revocandus
564 3478 613 3529 est
632 3458 676 3528 ad
687 3477 819 3530 ternam
831 3463 1024 3554 Prytaniam
1036 3461 1176 3571 Olymp.

137 3565 333 3713 ΩΧ.ι..
