2594 4672
606 342 608 347 .
643 267 800 368 ..sr-

187 438 271 507 .ciso
310 435 352 504 ad
382 435 490 527 Aegos
525 435 687 502 Potamon
712 431 971 505 Atheniensium
1002 432 1159 525 imperio
1176 459 1244 504 una

202 568 278 611 cum
306 541 424 607 ceteris
456 539 618 605 Thraciae
651 538 818 628 Asiaeque
852 536 993 602 minoris
1029 538 1170 606 urbibus
1201 541 1243 607 ab

201 638 463 714 Atheniensibus
478 656 480 660 ‘
495 642 692 710 abalienatas
729 643 774 705 ita
808 637 1150 708 Lacedaemoniorum
1180 645 1244 711 im-

201 753 297 845 perio
328 746 499 839 subiunxit
524 742 714 836 Lysander,
749 762 785 809 ut
814 743 939 835 ubique
968 743 1135 812 harmosta
1163 771 1242 815 cum

164 931 178 951 Ι,
202 855 319 922 decem
347 850 520 945 praefectis
557 849 743 915 constitutis
779 847 1012 938 oligarchicam
1038 848 1242 942 reipublicae

186 953 528 1027 ‘sormamstabilirmet
574 951 661 1018 Plut.
681 952 825 1043 Lysand
841 976 868 1017 c
890 953 972 1021 rtet
990 951 1038 1037 14.
1085 955 1239 1060 Xenoph.

187 1056 287 1130 'Helt
311 1061 355 1142 ΙΙ,
379 1062 464 1140 2‚5.
508 1050 608 1123 Diod
632 1049 666 1123 S.
692 1057 783 1138 XIV,
806 1059 836 1124 3.
988 1074 990 1078 ’

203 1273 238 1358 3)
258 1269 402 1359 ἐξήλθετε
424 1269 467 1345 εἰς
483 1263 654 1356 Ἁλίαρτον.

623 1372 704 1426 olymp.
718 1371 790 1420 XCVI,
804 1387 822 1413 s.

276 1478 360 1546 ·Hoc
382 1477 467 1546 facto
491 1475 660 1543 deminuta
674 1476 820 1569 primum
839 1493 887 1541 est
903 1474 1242 1544 Lacedaemoniorum

201 1581 401 1664 dominatio,
433 1583 604 1673 erectique
633 1598 710 1646 sunt
732 1579 775 1643 ad
797 1602 893 1671 spem
912 1581 1074 1671 pristinae
1096 1581 1243 1648 auctori-

201 1690 275 1755 tatis
297 1685 546 1807 recuperandae
576 1683 832 1749 Atheniensium
862 1683 974 1746 animi.
1019 1682 1243 1752 Lacedaemo-

200 1794 250 1858 nii
275 1793 366 1860 enim
387 1789 579 1880 principatu
601 1770 741 1891 superbe
775 1803 863 1875 gesto
892 1783 1007 1850 odium
1034 1803 1067 1851 et
1095 1775 1243 1854 aemuia·

97 1890 99 1897 Α
201 1899 327 1963 tionem
342 1916 419 1958 mox
432 1890 653 1982 plurimarum
667 1888 825 1955 Graeciae
848 1888 1029 1955 civitatium
1045 1880 1242 1961 excitardnt.

188 1994 428 2066 'Exacerbabat
450 2018 550 2086 quam
563 1993 705 2058 maxime
720 1992 838 2058 ardens
854 2015 970 2058 eorum
989 2008 1113 2058 ceteras
1127 2019 1243 2099 rerum
1276 2070 1278 2074 ,

200 2098 412 2196 publicarum
439 2095 598 2164 formas
587 2120 625 2162 111
658 2095 891 2188 oligarchicam
921 2080 1138 2190 convertendi
1172 2118 1245 2168 stu-

105 2242 107 2247 ·
201 2204 310 2284 dium,
330 2230 348 2270 a
371 2225 437 2295 quo
459 2226 503 2268 ne
526 2199 617 2294 apud
639 2225 693 2269 eos
717 2201 854 2295 quidem
877 2202 953 2266 satis
971 2219 1171 2293 temperasse
1192 2206 1243 2272 vi·

199 2309 339 2390 dentur,
369 2331 512 2400 quorum
542 2304 662 2374 auxilio
698 2325 731 2373 et
763 2307 918 2373 societate
950 2305 1041 2372 hunc
1071 2309 1241 2399 potentiae

199 2411 339 2508 gradum
362 2414 530 2480 consecuti
553 2427 640 2476 sunt.
685 2409 727 2478 V.
752 2410 907 2503 Xenopbt
931 2408 1019 2475 Hell.
1043 2410 1113 2491 ΙΙΙ,
1143 2415 1172 2492 5,
1199 2436 1239 2480 12

199 2537 232 2587 et
259 2520 306 2586 13.
352 2518 455 2583 Auxit
476 2513 639 2599 invidiam
659 2511 787 2580 bellum
816 2539 834 2578 a
856 2514 1126 2590 Lacedaemoniis
1146 2513 1240 2584 Eleis

196 2621 346 2700 illatum,
367 2640 449 2710 'quo
469 2618 627 2708 ¹feliciter
654 2619 742 2683 inter
771 2616 909 2708 Olymp.
941 2616 1038 2683 XCV
1068 2644 1096 2683 a.
1125 2643 1136 2685 1
1162 2621 1238 2689 ets

196 2739 361 2792 transacto
402 2745 522 2811 magua
560 2720 807 2811 possessionum
845 2712 941 2811 parte
987 2719 1085 2789 Eleos
1122 2720 1240 2790 cedere

196 2843 399 2918 coegerunt.
412 2825 499 2896 Xen.
522 2823 610 2888 Heli.
635 2824 702 2916 ΙΙΙ,
725 2845 763 2903 a,
787 2846 824 2889 nr
852 2848 925 2916 sqq.
969 2823 1060 2893 Haec
1080 2825 1147 2893 fuit
1165 2827 1240 2892 ani-

188 2917 327 3001 'morum
350 2928 477 2995 affectio
501 2926 673 3019 Olymp.
662 2950 729 2992 ram
752 2926 866 3010 XCV,
896 2927 933 3013 4,
964 2929 1034 2994 ubi
1055 2928 1248 3041 Agesilaqs,

193 3034 539 3103 Lacedaemoniorum
562 3054 631 3112 rex,
656 3030 792 3097 Graecis
816 3034 929 3099 Asiam
951 3034 1119 3123 minorem
1141 3019 1238 3101 inba-

193 3139 377 3207 bitantibus
415 3136 539 3202 auxilio
574 3135 728 3202 adversus
762 3138 977 3204 Artaxerxem
1013 3138 1134 3204 missus
1166 3160 1239 3206 non

194 3238 302 3312 solum
325 3241 366 3308 ab
388 3240 664 3333 Atheniensibus,
688 3239 857 3308 Thebanis
880 3260 913 3308 et
936 3241 1121 3309 Corinthiis
1143 3240 1238 3311 nulla

169 3346 323 3440 *accepia
344 3344 506 3435 subsidia,
522 3367 637 3411 verum
660 3346 760 3409 etiam
787 3371 813 3410 a
826 3347 1010 3428 Thebanis,
1040 3369 1145 3438 quum
1166 3346 1237 3413 Au·
1255 3395 1258 3402 -

191 3451 262 3520 lide
285 3474 377 3516 sacra
400 3466 519 3541 ageret,
541 3445 705 3513 violenter
725 3447 890 3540 depulsus
909 3467 966 3515 est
1011 3450 1157 3515 Pausan.
1175 3451 1235 3533 ΙΠ,

191 3579 223 3647 9.
269 3550 355 3621 Plut.
379 3551 503 3646 Agesil.
528 3575 555 3617 c.
578 3550 610 3617 6
657 3551 802 3634 Quum
791 3556 894 3646 rgitur
914 3550 1026 3646 paullo
1049 3572 1126 3645 post
1147 3557 1237 3647 Age·

191 3660 291 3733 silaus
325 3657 474 3723 victricia
505 3679 596 3720 arma
617 3677 680 3747 per
700 3655 816 3722 Asiam
839 3658 966 3723 latius
956 3680 992 3722 m
1019 3656 1090 3726 die's
1120 3659 1234 3742 ferret,

131 3781 136 3787 '
189 3780 224 3832 et
244 3764 420 3828 Persarum
449 3759 610 3827 exercitus
640 3761 782 3850 graviter
808 3772 992 3850 premeret,
1024 3762 1234 3831 Tithraustes

188 3866 249 3933 ilia
271 3865 460 3932 animorum
483 3861 732 3932 exacerbatione
755 3863 874 3930 ductus
898 3865 1122 3933 Timocratem
1143 3867 1235 3936 Rho-

187 3967 284 4041 dium
305 3990 524 4060 magnacum
551 3968 679 4060 argenti
706 3991 835 4034 summa
864 3968 901 4032 iu
924 3960 1100 4035 Graeciam
1127 3975 1230 4054 misit,
1267 4036 1270 4044 ,

187 4068 250 4169 qui
272 4073 528 4168 Thebanorum,
551 4070 805 4142 Corinthiorum
836 4074 1105 4166 Argivorumque
1134 4078 1232 4170 priu-
