2594 4672
519 245 792 351 ns...

55 425 58 431 “
196 415 356 493 Cardiani
364 413 515 509 Philippi
531 413 739 508 iampridem
755 416 917 488 societate
938 408 1116 480 conciliata
1137 414 1244 504 (Phil.

196 520 293 610 epist.
314 542 349 609 p.
377 517 463 608 161),
485 541 527 586 ex
548 526 616 610 qna
636 520 729 611 pacis
751 519 854 586 etiam
864 516 1027 610 Philippo
1045 541 1126 600 cutn
1137 519 1264 589 Athe.

195 621 369 687 niensibus
392 619 542 714 Olymps
555 621 689 705 CVIII,
719 647 739 689 2
767 621 1174 714 compositaeparticipes
1197 624 1246 697 Ia·

158 784 166 792 .
196 727 241 791 cti
271 743 366 790 erant
396 726 508 812 (Dem.
530 753 564 794 π.
585 748 726 813 παραπρ.
749 751 784 817 p.
805 727 899 815 395),
921 724 1141 817 pertinaciter
1162 730 1247 794 resi-

195 827 335 908 stebant,
359 852 462 919 quem
483 825 672 898 incolerent
692 851 809 920 agrum
830 851 929 894 suum
946 849 1017 895 csse
1034 829 1246 899 contenden-

138 927 142 930 ’
195 949 243 999 tes
276 937 336 1014 (or.
373 929 416 998 de
450 930 572 999 Halon.
601 957 640 1024 p.·
668 931 732 1017 86).
783 933 922 1002 Exortus
947 931 995 1001 ita
1024 928 1244 1003 dissensionis
1285 1007 1287 1011 ,

193 1033 386 1128 Philippus.
403 1037 473 1112 sibi
504 1031 680 1104 arbitrium
709 1038 875 1130 arrogavit
905 1033 1043 1130 Olymp.
1079 1036 1181 1121 CIX,
1213 1064 1245 1121 a,

194 1139 233 1207 id
255 1140 348 1232 quod
358 1138 507 1214 refertur
516 1141 553 1206 in
570 1163 619 1208 or.
632 1138 675 1207 de
687 1138 818 1221 Halon,
841 1139 1144 1229 annphocbabita.
1192 1143 1245 1213 Ex

198 1265 266 1335 quo
280 1243 626 1335 quumAtbenienses,
637 1262 676 1312 ut
685 1269 819 1313 causam
828 1243 962 1313 arbitris
974 1243 1145 1315 traderent
1155 1243 1249 1327 diiu-

165 1411 168 1416 .
196 1346 387 1432 dicandam,
408 1366 618 1442 provocasset
643 1349 707 1434 (de
729 1348 852 1417 Halon.
884 1351 957 1442 87),
984 1373 1098 1442 neque
1129 1367 1246 1420 tamen

196 1451 357 1520 effecisset
382 1454 572 1546 ,quiequam
603 1455 714 1548 (epist.
745 1452 835 1524 Phil.
870 1478 905 1548 p.
941 1453 1012 1521 161.
1037 1453 1088 1525 cf.
1114 1477 1168 1530 or.
1199 1456 1247 1526 de

195 1555 316 1624 Halon.
339 1557 363 1625 l.
386 1552 451 1641 c),
473 1574 505 1627 et
533 1556 694 1627 Cardiani
720 1559 754 1627 vi
782 1559 882 1624 etiam
915 1583 935 1624 a
955 1557 1118 1651 Diopithe
1149 1579 1247 1654 pete-

194 1678 324 1743 rentur,
347 1661 469 1734 auxilia
491 1664 549 1746 eis,
573 1664 703 1757 quippe
724 1663 832 1746 sociis,
854 1661 955 1733 misit.
1001 1661 1063 1729 Or.
1076 1660 1122 1730 de'
1136 1664 1248 1734 Cher-

71 1830 72 1839 ,
158 1857 160 1861 y
195 1788 267 1834 son.
298 1766 442 1860 prod,
476 1770 546 1836 105.
590 1765 678 1835 Phil.
702 1768 768 1849 111,
798 1765 1066 1871 partimi,
1099 1791 1170 1839 sao.
1202 1769 1245 1841 cf.

197 1870 295 1961 epist.
324 1870 421 1941 Phil.·
436 1869 466 1936 l.
497 1894 526 1938 c.
580 1870 718 1940 Factum
740 1870 806 1938 hoc
827 1884 873 1938 eo
895 1888 1047 1963 tempore
1069 1894 1151 1955 esse,
1175 1897 1246 1966 quo

195 1973 374 2042 Thraciam
394 1972 589 2066 'Philippus
632 1973 880 2068 expeditionem
919 1977 1067 2068 suscepit
1074 1998 1098 2057 ,.·
1125 1977 1245 2070 itaque

198 2074 337 2170 Olymp.
369 2077 468 2160 CIX,
496 2081 551 2169 Pl„
590 2077 714 2145 docent
746 2080 911 2159 orationes
942 2077 986 2145 de
1013 2078 1176 2146 Cherson.
1207 2098 1244 2148 et
1286 2076 1288 2081 ¹

197 2178 347 2275 Philipp.
377 2183 442 2263 III,
475 2184 513 2249 in
547 2183 668 2274 quibus
695 2180 818 2251 auxilia
850 2182 911 2250 illa
943 2199 982 2252 ut
1015 2184 1244 2260 recentissime

199 2283 359 2353 Cardiam
378 2289 478 2353 missa
499 2303 737 2354 memorantur.
777 2289 858 2371 ,Quo
889 2286 975 2362 facto
999 2286 1179 2382 Diopithes
1203 2288 1247 2356 ab

199 2390 395 2473 oratoribus,
417 2389 556 2461 violatae
571 2390 770 2485 Philippum
786 2391 876 2484 pacis
889 2392 1131 2475 accusantibus,
1153 2391 1248 2460 haud

81 2580 88 2591 „
199 2490 302 2561 dubie
323 2495 494 2576 incitatus,
524 2497 659 2567 absente
689 2511 760 2564 tum
787 2519 866 2589 rege
895 2496 931 2564 in
954 2494 1100 2562 Thracia
1121 2497 1246 2581 media,

185 2599 399 2669 ‘maritimam
432 2600 594 2669 Thraciae
629 2601 819 2692 regionem,
859 2623 944 2692 quae
978 2617 1049 2672 erat
1078 2600 1247 2696 Philippi,

200 2701 383 2795 Crobylem
409 2705 664 2796 Tiristasimque
678 2702 899 2796 depopulatus
922 2720 980 2771 est.
1025 2705 1131 2799 Epist.
1156 2705 1245 2775 Phit

198 2829 233 2896 p.
261 2808 331 2896 159.
375 2807 505 2903 Argmt.
537 2807 580 2874 ad
607 2832 657 2875 or.
687 2806 729 2873 de
752 2807 913 2877 Cherson.
960 2809 1081 2892 Quam¹
1098 2810 1143 2876 ob
1167 2835 1248 2878 cau-

199 2932 269 2977 sam
293 2932 418 3004 quum,
449 2913 591 3004 graviter
620 2930 794 2981 accusante
816 2910 995 3006 Philippo,
1018 2913 1056 2978 ln
1077 2912 1247 2982 iudIcium

66 3100 69 3106 Ι
135 3026 136 3030 ’
162 3010 164 3019 ’
196 3039 220 3094 a
250 3015 380 3111 populo
412 3035 632 3085 arcesseretur
664 3017 857 3108 Diopithes,
894 3016 1137 3086 Demosthenes
1166 3043 1248 3088 eum

200 3122 368 3203 oratione,
397 3148 484 3215 quae
514 3121 556 3188 de
588 3121 795 3221 Chersoneso
831 3122 1046 3202 inscribitur,
1080 3120 1245 3205 defendit,

198 3223 311 3290 medio
342 3225 478 3320 Olymp.
512 3226 594 3295 CIX
620 3250 649 3291 a.
680 3226 710 3294 3.
750 3223 904 3292 Cardiam
937 3243 1046 3294 autem
1076 3225 1247 3296 obtinenti

201 3351 307 3419 quum
339 3331 376 3399 in
406 3333 512 3422 ipsam
544 3333 645 3398 etiam
675 3328 919 3412 Chersonesum
960 3327 1070 3397 aditus
1103 3348 1246 3422 pateret,

139 3432 142 3438 ’
200 3455 369 3501 summum
407 3433 488 3505 iude
517 3434 768 3527 ¹Chersonesitis
808 3431 1000 3524 periculum
1034 3435 1246 3503 imminebat.

199 3532 331 3605 Idcirco
362 3539 431 3605 iam
463 3557 536 3606 tum
565 3557 602 3605 ut
628 3539 846 3630 pecuniarum
879 3536 1026 3603 subsidia
1059 3540 1247 3631 copiaeque

68 3717 70 3724 y
200 3640 265 3714 sibi
294 3641 336 3708 ab
354 3643 629 3723 ‘Atheniensibus
657 3645 871 3712 mitterentur
902 3642 1071 3732 rogabant.
1123 3643 1165 3708 V.
1197 3667 1258 3710 or.

199 3743 288 3812 Phil.
312 3745 373 3828 III,
396 3771 430 3837 p.
459 3771 528 3837 ¹²9·
551 3747 600 3815 cf.
617 3740 689 3840 cap.
720 3747 754 3816 h.
777 3770 829 3814 ur.
851 3747 883 3818 ,6,
929 3747 1048 3838 Neque
1071 3741 1185 3814 tamen
1208 3750 1245 3813 in

68 3942 70 3945 Ι
200 3848 340 3918 eo-solo
371 3853 539 3942 acquievit
568 3851 763 3944 Philippus,
803 3849 862 3917 sed
889 3851 965 3936 mox
998 3853 1106 3943 ipsam
1144 3853 1289 3917 etiarn'¹

201 3953 447 4022 Chersonesum
469 3957 636 4046 ingressus
659 3973 717 4024 est.
761 3955 962 4031 Necessitate
985 3956 1075 4021 enim
1090 3953 1244 4021 adactum

144 4056 153 4073 s
199 4061 242 4129 in'
267 4059 512 4130 Chersonesum
543 4063 643 4147 etiem
673 4060 785 4153 copias
807 4063 935 4129 misisse
962 4083 996 4125 se
1019 4061 1090 4147 ipse
1114 4059 1245 4151 Philip-
