2594 4672
676 247 736 316 '66

634 341 791 356 m

188 410 256 519 ipe
290 445 412 492 corona
441 420 555 487 donati
584 437 663 486 sunt
684 443 723 484 ex
746 417 889 485 decretis
912 415 1059 498 Calliae,
1088 417 1238 487 Boedro-

188 532 310 598 mionis
336 526 455 593 XXVI
477 525 553 592 latis
577 522 715 615 Olymp.
739 522 834 589 CVII
856 522 1065 586 eniminum
1087 523 1121 603 3,
1144 526 1239 593 cuius

189 635 314 701 archon
342 653 527 724 eponymus
552 626 794 720 Apollodorus
808 626 912 692 Fastis
940 626 1155 718 consignatus
1177 647 1238 712 est,

189 763 326 832 prorsus
341 735 490 801 diversus
504 758 523 798 a
536 733 734 814 Demonico,
747 754 847 822 quem
856 729 1003 822 praefert
1016 728 1189 799 decretum
1212 735 1239 802 1.

194 971 242 1014 ιο.
281 972 316 1036 p.
349 942 422 1027 241.
458 943 551 1028 μέχρι
585 941 699 1007 τούτου
731 940 909 1025 Λασθένης
941 940 1032 1027 pilos
1061 939 1238 1026 ὠνομάζετο

240 1052 413 1128 Φιλίππου,
445 1047 502 1123 ἕως
529 1046 749 1134 προῦδωκεν
774 1045 1034 1112 Ὄλυνθον-
1056 1044 1114 1112 οὐκ
1141 1044 1236 1134 dued-

236 1155 395 1242 ριμμένοις

613 1252 696 1307 olymp.
710 1253 783 1301 ovio,
800 1264 816 1294 ι.

165 1358 169 1369 ⁸
224 1335 227 1342 ¹
280 1355 435 1450 Olynthi,
458 1356 550 1421 urbis
573 1356 610 1421 in
634 1354 794 1422 Chalcide
811 1355 1083 1447 opulentissimae
1106 1373 1142 1423 et
1160 1379 1240 1424 cum

192 1466 309 1533 ceteris
333 1459 535 1528 Chalcidicis
565 1462 751 1542 ciyitatibus
779 1458 965 1528 foederatae
992 1460 1176 1542 (Demosth.
1201 1488 1237 1528 π.

191 1595 331 1657 παραπρ.
355 1593 389 1658 p.
412 1564 501 1650 426),
524 1564 702 1657 Philippus
725 1589 793 1656 quo
816 1582 966 1655 tempore
990 1565 1061 1629 eius
1082 1565 1239 1633 socictate

190 1675 333 1739 maxime
355 1668 543 1762 indigebat,
578 1668 635 1737 Ol.
660 1668 739 1748 CV,
765 1668 807 1752 4,
838 1687 952 1760 erepta
975 1668 1240 1736 Atheniensibus

191 1777 348 1845 Potidaea
378 1772 623 1866 Olynthiisque
651 1771 771 1838 tradita
777 1821 787 1852 ,
817 1773 1000 1839 amicitiam
1031 1773 1097 1839 sihi
1127 1773 1241 1841 couci-

191 1879 295 1945 liavit.
340 1878 382 1946 V.
414 1902 486 1968 cap.
509 1878 543 1944 h.
566 1902 618 1945 nr.
642 1901 672 1941 2.
717 1878 764 1941 Ex
795 1901 860 1968 qua
886 1880 975 1943 inter
1005 1899 1079 1943 eam
1108 1875 1239 1968 Philip-

190 2004 342 2074 pumque
364 1979 480 2049 foedus
503 1983 624 2047 initum
652 1999 701 2048 est
730 1984 777 2047 ἐπὶ
804 1988 849 2071 τῷ
878 1987 965 2070 κοινῇ
994 1989 1141 2067 πολεμεῖν
1159 1981 1239 2069 πρὸς

101 2121 106 2126 “
186 2087 393 2172 Ἀθηναίους,
415 2087 473 2152 κᾶν
495 2087 571 2152 ἄλλο
593 2112 623 2153 τι
646 2085 739 2173 δόξῃ,
763 2092 850 2174 κοινῇ
872 2087 1073 2154 σπείσασθαι.
1120 2085 1236 2153 Liban.

191 2193 229 2256 in
249 2188 347 2257 ὗηοθ.
379 2189 423 2255 ad
454 2191 542 2257 Dem
565 2206 631 2259 orr.
664 2189 805 2280 Olynth.
833 2213 868 2281 p.
894 2214 923 2278 7.
970 2191 1044 2274 Qua
1075 2188 1119 2257 de
1143 2213 1238 2257 causa

192 2294 351 2386 Olynthii
374 2312 503 2388 gestum
524 2297 592 2362 iam
614 2312 710 2361 antea
733 2319 810 2360 cum
831 2294 1089 2361 Atheniensibus
1111 2293 1257 2383 bellum¹

191 2396 313 2464 deinde
330 2399 438 2466 iuncti
450 2399 621 2492 Philippo
637 2399 852 2467 sustinebant.
897 2396 998 2466 Unde
1015 2400 1052 2464 in
1073 2422 1123 2467 ou.
1140 2401 1237 2467 Dem.

190 2526 220 2570 c.
243 2502 329 2568 Mid.
351 2528 386 2595 p.
411 2505 475 2572 566
491 2523 524 2571 et
539 2508 601 2594 578
625 2503 789 2596 expeditio
806 2503 1063 2569 Atheniensium
1083 2501 1235 2571 adventis

192 2606 386 2696 Olynthum
407 2626 621 2688 memoratur,
646 2607 703 2675 Ol.
727 2609 798 2674 sine
821 2605 923 2674 dubio
948 2605 1035 2676 CVI.
1067 2630 1096 2673 tt.
1127 2633 1149 2675 a
1179 2623 1237 2678 tut

183 2712 210 2779 3
239 2709 326 2776 sacta
354 2710 398 2798 (v.
412 2696 555 2776 sBochh.
584 2712 670 2776 iiber
698 2711 730 2778 d.
764 2711 1053 2779 Zeitverhiltnisse
1086 2710 1149 2780 der
1171 2713 1236 2791 Do-

191 2812 310 2880 mosth.
345 2814 384 2878 R.
422 2838 453 2905 g.
497 2813 603 2880 Meid.
643 2817 680 2881 in
719 2816 812 2882 Actis
848 2811 1008 2882 Academ.
1043 2816 1159 2885 Berol.
1192 2816 1235 2883 A.

195 2920 390 3008 1818-19.
422 2917 533 2985 Class.
554 2917 670 2996 histor.
694 2919 853 3012 philolog.
886 2944 921 3012 p.
951 2923 1015 3004 82).
1065 2919 1136 2987 Sed
1159 2919 1237 2989 Phi-

189 3019 303 3114 lippus
338 3046 444 3114 quum
477 3023 644 3089 continuis
681 3023 781 3090 bellis
812 3023 893 3090 inde
926 3023 968 3090 ab
999 3022 1054 3091 Ol.
1089 3023 1236 3110 (ΝΗ

190 3126 386 3193 Methonem
406 3141 440 3192 et
450 3126 666 3217 Apolloniam
688 3146 919 3220 expugnasset,
941 3134 1110 3221 urbesque
1133 3130 1237 3199 Grae-

191 3254 244 3296 cas
267 3233 305 3295 in
322 3231 463 3297 Thracia
486 3233 562 3298 sitas
584 3238 621 3297 iu
643 3250 838 3324 potestatem
856 3258 949 3300 suam
966 3232 1145 3327 paullatim
1168 3256 1236 3303 om-

190 3358 249 3401 nes
271 3332 446 3424 redigeret,
469 3336 534 3426 ipsi
557 3336 624 3401 iam
646 3336 804 3428 Olynthii
826 3336 1048 3429 periculosam
1072 3339 1137 3407 sibi
1151 3363 1236 3407 cum

190 3463 268 3529 rege
291 3439 482 3505 societatem
504 3440 586 3520 rati,
621 3439 665 3505 ad
686 3441 907 3508 Athenienses
929 3441 1096 3509 inclinare
1119 3466 1238 3537 coepe.

189 3560 279 3609 runt.
325 3543 441 3634 Itaque
464 3543 603 3635 Olymp.
628 3563 686 3612 aut
708 3545 787 3612 CVI
815 3547 882 3612 iam
905 3571 933 3614 a.
957 3545 979 3633 4
1001 3565 1058 3614 aut
1076 3547 1184 3629 GVH,
1220 3570 1233 3615 ι

189 3649 327 3713 ineunte
349 3670 431 3739 pace
454 3672 532 3715 cum
554 3648 709 3730 eisfacta,
731 3649 862 3727 bellum
884 3648 1084 3717 diuturnum
1100 3675 1237 3745 compo·

187 3770 334 3819 suerunt.
379 3752 476 3825 Dem.
500 3754 537 3818 in
567 3753 728 3820 Aristocr.
759 3779 794 3846 p.
821 3754 900 3824 656.
948 3754 1090 3846 Olynth.
1114 3763 1172 3841 ΙΙΙ,
1202 3782 1238 3849 ρ.

123 3914 126 3921 ,
187 3857 240 3925 30.
285 3858 399 3949 anue
420 3857 530 3949 prima
546 3855 733 3924 discordiae
754 3856 952 3953 Philippum
967 3861 1055 3927 inter
1077 3856 1240 3954 et'Olyn-

141 4000 147 4036 2
187 3960 284 4026 thum
297 3985 394 4027 causa
407 3961 507 4028 suisse
530 3958 635 4028 fertur
649 3963 821 4030 Demosth.
836 3981 869 4030 et
882 3965 1000 4030 Liban.
1017 3963 1052 4030 ll.
1075 3989 1124 4031 cc.
1160 3958 1272 4032 Molx

186 4061 269 4135 belli
290 4064 402 4158 palam
423 4063 613 4158 incipiendi
644 4065 821 4160 singularis
845 4072 973 4139 occasio
1004 4093 1118 4137 ansam
1140 4094 1240 4162 prae·
