2594 4672
547 237 703 344 ..m
792 328 798 336 ,

108 434 167 498 est,
190 415 251 508 qui
273 441 291 482 a
314 405 456 489 Corsino
477 405 746 504 pseudeponymi
767 409 873 476 vocati
888 394 1035 495 suntet
1052 406 1153 485 chro-
1200 460 1204 467 -

69 546 79 575 ¹¹
107 519 278 612 nologiam
298 518 413 585 rerum
426 513 596 608 :Philippi
626 515 824 608 praesertim
851 528 955 580 aetate
981 531 1154 605 gestarum

87 623 281 714 'hucusque
305 620 515 713 perturbant.
564 617 637 686 Hoc
667 619 768 710 igitur
789 618 906 699 misso,
935 618 1067 711 quippe
1091 620 1155 711 qui

8 739 9 743 ’
110 727 152 796 ud
173 720 436 817 investigandam
465 737 605 789 aetatem
625 720 714 787 nihil
741 718 916 812 expediat,
948 719 1013 788 alia
1041 724 1155 791 aetatis
1200 790 1202 794 .

90 830 236 898 'indicia
258 826 470 923 quaerantur,
492 849 626 893 necesse
650 842 707 891 est.
753 825 795 890 In
818 847 885 916 quo
903 824 1054 916 primum
1065 825 1155 896 nulli

109 921 243 1005 ridetur
264 932 464 1001 dubitationi
487 955 556 1000 esse
575 930 764 1018 obnoxium,
786 944 967 1020 utrumque
980 928 1156 1011 decretum

6 1042 9 1049 '
109 1061 179 1106 uno
202 1035 388 1128 eodemque
411 1031 465 1101 die
486 1032 591 1102 latum
605 1050 647 1124 et
667 1049 846 1126 propterea
868 1028 912 1099 ad
928 1032 1073 1103 eundem
1092 1059 1157 1103 an·

76 1190 77 1199 .
110 1166 195 1209 num
215 1137 431 1207 referendum
453 1157 532 1208 esse.
578 1137 704 1233 Callias
726 1137 817 1204 enim
839 1135 1072 1223 Phrearrhius,
1091 1140 1152 1232 qui

107 1262 293 1336 utrumque
315 1266 429 1312 coram
449 1238 576 1336 populo
597 1230 752 1308 recitasse
773 1240 915 1327 dicitur,
942 1241 980 1308 in
1007 1263 1076 1311 uns
1099 1244 1156 1310 ni.

111 1348 236 1414 mirum
257 1336 442 1440 eademque
470 1346 632 1415 concione
663 1369 703 1411 ea
732 1344 939 1437 conscripsit.
994 1342 1038 1411 Id
1063 1344 1158 1440 quod

111 1451 154 1514 ex
176 1471 215 1515 eo
237 1447 291 1516 vel
311 1452 457 1517 maxime
477 1464 586 1542 patet,
619 1445 713 1542 quod
740 1451 777 1513 in
804 1446 909 1516 altero
936 1446 1007 1518 solo
1029 1449 1157 1525 archon

112 1553 173 1645 qui
195 1551 308 1637 suerit,
331 1570 366 1622 et
384 1555 509 1621 mensis
540 1551 679 1645 diesque
706 1552 828 1618 exarati
850 1567 937 1619 sunt.
989 1624 992 1629 ,
1159 1557 1164 1571 ’

128 1690 131 1694 «
200 1656 272 1737 Iam
292 1679 371 1726 vero
389 1656 481 1751 quod
502 1654 545 1723 ad
565 1680 620 1724 res
642 1657 769 1746 attinet,
793 1678 935 1749 quatum
952 1657 991 1738 in
1011 1673 1159 1752 utroque

111 1761 243 1838 mentio,
252 1759 302 1844 fit,
314 1761 565 1854 expeditionem
575 1758 833 1826 ¹Atheniensium
845 1759 882 1824 in
892 1758 1044 1830 Imbrum
1056 1761 1160 1837 etSaf·

72 1859 75 1867 ’
111 1863 248 1947 lamina,
264 1866 326 1932 etsi
348 1886 405 1932 eae
427 1881 497 1931 tam
516 1877 596 1929 sunt
608 1862 792 1953 ambiguae,
814 1860 907 1928 nulla
921 1879 960 1932 ut
974 1862 1056 1934 inde
1068 1885 1160 1940 cer-ta

114 1969 275 2062 temporis
297 1986 376 2043 nota
392 1969 464 2062 peti
481 1967 598 2061 possit,
619 1967 695 2032 iure
711 1983 822 2034 tamen
838 1966 996 2036 Corsinus
1009 1969 1047 2037 in
1063 1971 1101 2041 F.
1115 1971 1160 2041 A.

115 2069 194 2139 diss.
216 2071 311 2156 VIII,
333 2095 363 2151 c.
390 2072 439 2155 16,
461 2071 522 2139 ubi
543 2067 586 2137 de
607 2069 766 2163 archonte
789 2071 975 2141 Demonico
998 2075 1085 2166 agit,
1106 2099 1162 2143 era

115 2192 324 2270 gumentatus
346 2193 414 2258 est,
446 2199 518 2245 non
544 2198 641 2268 posse
670 2172 802 2242 decreta
822 2175 905 2244 haee
927 2175 1016 2244 ultra
1038 2179 1161 2246 citrave

114 2278 265 2372 Philippi
280 2279 477 2348 Macedonis
491 2295 642 2371 tempora
664 2296 794 2347 exarata
816 2303 886 2347 esse
911 2281 955 2348 ob
970 2281 1163 2355 Nausielem

116 2401 150 2452 et
173 2381 425 2467 Charidemum,
456 2382 723 2478 expeditionibus
744 2381 813 2450 illis
833 2383 1028 2476 praefectos,
1053 2389 1120 2480 qui
1140 2415 1161 2458 a

115 2488 344 2563 Demosthene
364 2489 438 2581 ipso
461 2488 499 2555 in
521 2488 749 2580 superioribus
772 2488 820 2581 (p.
844 2489 919 2576 264)
950 2507 987 2558 ut
1006 2491 1160 2562 homines

114 2596 189 2664 noti
211 2611 245 2663 et
266 2591 420 2687 aequales
442 2592 598 2672 citantur.
643 2592 834 2686 Utrumque
855 2612 981 2662 nomen
1002 2597 1080 2664 satis
1102 2597 1161 2669 ob-

77 2752 79 2757 .
115 2699 207 2767 vium
229 2715 277 2764 est
304 2697 342 2782 in
370 2696 471 2763 rebus
498 2713 604 2764 aetate
624 2695 859 2766 Demosthenis
889 2700 996 2793 gestis.
1041 2700 1178 2769 Nausi-

116 2801 185 2870 cles
201 2824 322 2877 ,rursus
345 2800 476 2868 occurit
496 2798 540 2866 de
568 2822 635 2868 cor.
657 2826 692 2894 p.
717 2804 795 2885 288,
826 2803 885 2870 ubi
913 2803 1081 2874 Nausiclis
1111 2829 1161 2875 tr-
1181 2838 1202 2887 ἰ

116 2905 249 2973 chuntis
270 2927 396 2975 nomen
416 2902 603 2994 praefixum
623 2902 757 2974 decreto
786 2907 818 2973 ei
841 2922 906 2991 est,
935 2906 1028 3000 quod
1046 2909 1161 2979 Elatea

118 3027 214 3103 capta
237 3009 279 3078 de
300 3006 451 3077 ineunda
472 3006 731 3090 Atheniensium
752 3034 830 3078 cum
851 3010 1023 3081 Thebanis
1046 3012 1162 3083 adver·

82 3157 85 3167 =
116 3139 172 3182 sus
205 3114 403 3208 Philippum
438 3114 594 3182 societate
620 3112 761 3208 *Olymp
796 3115 878 3199 CX,
915 3141 927 3183 t
966 3117 1162 3215 conscripsit

118 3218 370 3288 Demosthenes.
414 3215 509 3287 Idem
530 3219 572 3287 ab
586 3219 752 3286 Aeschine
773 3225 818 3305 (π,
840 3247 980 3311 cupane.
1001 3245 1037 3314 p.
1060 3224 1103 3292 30
1125 3223 1161 3315 l)

99 3319 237 3389 xdecem
268 3320 455 3413 legatorum
483 3347 571 3392 unus
601 3322 702 3393 fuisse
729 3323 871 3409 dicitur,
907 3348 992 3419 quos
1022 3326 1162 3422 Olymp.

120 3424 250 3508 cvm,
278 3448 306 3503 a,
330 3420 552 3509 Athenienses
579 3430 780 3521 paciacum
809 3428 968 3523 Philippo
996 3431 1165 3501 ineundae

118 3554 217 3598 causa
245 3529 283 3599 in
310 3529 548 3599 Macedoniam
574 3531 749 3615 miserunt,
777 3533 818 3600 ab
841 3557 949 3628 eoque
980 3535 1167 3617 Aeschines

120 3633 170 3703 ad
193 3633 398 3728 legationem
433 3631 527 3702 illam
561 3628 833 3705 commendatum
871 3664 907 3707 se
944 3661 1016 3708 esse
1050 3641 1166 3710 refert.

119 3736 217 3807 Idem
243 3740 283 3808 in
312 3734 385 3809 ead
414 3754 496 3806 orat.
520 3755 602 3806 extr.
623 3765 658 3834 p.
694 3743 735 3813 52
776 3741 970 3813 Nausielem
990 3746 1028 3833 in·
1049 3747 1166 3815 amicis

120 3845 187 3917 suis
210 3855 244 3910 et
265 3839 467 3936 aequalibus.
494 3862 655 3919 recenset.
682 3847 789 3916 tum
816 3871 885 3923 une
905 3873 985 3919 cum
1006 3848 1167 3918 Nausicle
1202 3859 1210 3871 ‘

119 3965 219 4041 atque
250 3947 401 4017 Diotimo
425 3946 666 4015 Demosthenes
688 3948 932 4024 administrasse
953 3977 1027 4025 rem
1049 3953 1169 4046 publiq
1205 4022 1210 4032 ,

121 4078 195 4150 cam
220 4049 446 4144 totunm
469 4049 769 4146 'Pseudoplutarch
795 4058 855 4127 uit.
885 4058 920 4133 X
948 4081 998 4146 or.
1031 4059 1170 4154 palii.
