2594 4672
629 266 786 370 2²3..

184 435 317 528 tiosque'
337 431 491 502 obsidere
514 433 692 526 coepisset,
714 432 935 523 Athenienses
958 433 1096 505 obsessis
1119 439 1234 532 opitu-

183 537 292 606 lantes
312 536 459 619 bellum,
477 537 569 630 quod
590 562 653 630 per
675 539 866 606 universum
886 541 980 634 pacis
1001 543 1147 632 spatium
1169 543 1232 637 gli-

181 643 304 724 scebat,
327 640 462 709 tandem
483 642 763 734 redintegrarunt
809 643 880 711 Hae
903 662 981 714 sunt
996 669 1061 728 res,
1084 645 1128 714 de
1151 650 1231 741 qui·

164 747 245 814 hus
259 742 362 814 'nobis
384 771 422 813 ex
444 744 563 813 ordine
585 745 768 817 dicendum
790 749 862 815 erit.

186 961 214 1005 1.
255 963 291 1031 p.
315 937 389 1023 248.
434 938 565 1027 Σίρριον
593 938 705 1006 δὲκαὶ
732 940 890 1025 Δορίσκονἱ
910 976 954 995 -·-
974 942 1026 1021 καὶ
1054 940 1115 1008 ὅσα
1144 942 1227 1013 ἄλλο

224 1039 245 1128 ἦ
268 1043 359 1120 πόλις
378 1042 506 1129 ἠδίκητο
535 1081 595 1108 -.
617 1067 651 1134 p.
674 1042 748 1127 234.
767 1042 808 1108 ‘iv'
828 1042 962 1128 ἐχόντων
990 1051 1054 1112 τῶν
1078 1047 1227 1137 Θρᾳκῶν,

167 1218 170 1223 ,
224 1153 289 1213 τῶν
308 1142 465 1235 ὑμετέρων
486 1145 674 1229 συμμάχων,
703 1145 744 1213 τὰ
767 1149 870 1233 χωρία
896 1148 990 1214 τοῦθ’
1011 1147 1033 1214 ἃ
1054 1156 1110 1216 νῦν
1132 1141 1227 1231 οὗτος

224 1251 355 1338 ὃιίσνρε,
379 1249 415 1317 τὸ
439 1249 569 1341 Σέρριον
589 1252 640 1317 καί
660 1249 698 1320 τὸ
719 1249 867 1339 Μύρτιον
894 1253 945 1316 καὶ
971 1250 1030 1338 τὴν
1047 1252 1224 1342 Ἐργίσκην,
1278 1262 1283 1275 ’

224 1353 307 1420 οὕτω
328 1353 478 1441 γίγνοινθ’
500 1354 531 1422 οἳ
551 1353 652 1443 ὅρκοι,
682 1357 734 1423 καὶ
754 1353 799 1442 μὴ
821 1354 989 1443 προλαβὼν
1014 1357 1127 1442 ἐκεῖνος
1148 1359 1226 1437 τοὺς
1284 1342 1291 1351 ”

101 1471 106 1482 “
223 1457 400 1544 ἐπικαίρους
431 1464 496 1527 τῶν
528 1457 634 1526 τόπων
660 1458 767 1547 κύριος
791 1464 849 1537 τίς
881 1458 1009 1552 Θρηίκης
1034 1465 1223 1550 κατασταίη.

159 1594 163 1609 ⁴
221 1587 258 1655 p.
281 1561 355 1631 236.
377 1599 423 1615 -
443 1562 548 1648 ὤμοσε
569 1562 627 1647 τὴν
648 1563 772 1652 εἰρήνην
793 1559 810 1629 ὁ
828 1565 993 1646 Φίλιππος,
1017 1566 1224 1652 προλαβὼν

208 1663 292 1751 ,τὴν
328 1666 484 1760 Θρᾴκην
522 1666 575 1735 tat
601 1666 747 1765 τούτους,
778 1667 852 1746 τοὺς
872 1667 941 1753 οὐχὶ
967 1667 1156 1747 πεισθέντας
1175 1677 1223 1762 τῷ

220 1769 288 1864 {papi
306 1774 498 1861 ψηφίσματι.

266 1893 471 1961 Iniuriarum
493 1918 623 1986 agmen,
646 1885 767 1986 quibus
789 1891 986 1987 Philippum
1007 1895 1045 1961 in
1067 1895 1141 1988 ipso
1159 1919 1222 1988 pa.

178 1995 353 2064 cis-factae
375 1999 475 2066 initio
496 1997 635 2066 violasse
656 1999 725 2064 iam
747 2021 820 2065 eam
833 1996 1223 2083 Demosthenesclamat,

176 2119 434 2194 praecantare,
457 2126 539 2194 quas
561 2104 728 2195 occupatis
749 2103 909 2171 Thraciae
931 2101 1075 2172 castellis
1097 2126 1224 2226 perpe-

177 2221 280 2273 trasse
300 2204 501 2299 Philippum
523 2225 669 2290 accusat,
698 2210 964 2308 quotiescunque
990 2208 1028 2273 in
1059 2208 1223 2276 orationi-

177 2309 241 2377 hus
264 2333 303 2379 eo
327 2309 443 2393 tendit,
466 2328 505 2379 ut
524 2310 775 2381 fraudulentum
798 2337 874 2379 eum
900 2330 934 2379 et
954 2310 1098 2379 nefariae
1120 2302 1223 2382 indo-

174 2409 220 2484 lis
240 2414 412 2484 hominem
439 2439 509 2482 esse
531 2413 744 2485 demonstret.
794 2419 860 2485 Per
880 2417 1082 2483 maritimam
1101 2415 1223 2497 Thra-

176 2517 249 2586 ciae
268 2542 364 2589 oram
391 2521 454 2588 sita
480 2539 574 2588 erant
603 2521 737 2589 castella
758 2520 940 2615 quaedam,
968 2543 1053 2613 quae
1080 2543 1161 2587 cum
1181 2519 1221 2599 ll.

176 2646 280 2716 supra
308 2647 372 2707 cc.,
404 2641 477 2691 tum
504 2623 582 2691 alibi
610 2653 630 2693 a
657 2627 883 2694 Demosthene
916 2641 950 2693 et
977 2624 1023 2691 ab
1049 2624 1222 2693 Aeschine
1270 2636 1275 2693 ζ

174 2727 357 2810 Doriscos,
395 2726 557 2796 Serrhion
595 2733 793 2823 (utrumque
823 2745 1044 2798 memoratum
1076 2729 1145 2795 iam
1181 2730 1222 2797 in

173 2831 294 2900 Xerxis
322 2831 533 2926 expeditione
549 2858 603 2927 ap.
617 2833 742 2902 Herod.
764 2834 841 2917 VII,
864 2838 917 2925 59,
944 2834 1030 2923 108),
1052 2831 1221 2925 Myrtium

174 2935 243 3006 aive
258 2933 464 3032 Myrtanum,
486 2938 634 3030 Ergisce,
656 2938 872 3021 Hieronoros,
896 2938 1078 3032 Murgisce,
1101 2936 1218 3004 Ganos

173 3079 218 3097 -
240 3042 418 3112 Thraciae
431 3043 611 3110 maximam
636 3059 767 3137 partem
798 3066 963 3111 voces-
923 3041 1217 3110 -nominantura

173 3146 323 3214 Thraces
344 3171 383 3215 ea
403 3148 619 3249 possidebant
638 3147 694 3233 (de
716 3171 783 3216 cor.
804 3172 841 3240 p,
863 3144 952 3236 π34,)
974 3146 1039 3214 hoe
1061 3163 1111 3213 est
1132 3143 1218 3212 Cer-

158 3248 354 3343 sobleptes,
383 3228 553 3320 Thracum
572 3277 633 3320 rex
658 3251 803 3345 regionis
824 3253 1021 3332 maritimae,
1044 3240 1095 3317 ad
1110 3248 1219 3317 Cher-

172 3376 332 3423 sonesum
352 3357 505 3448 proxime
526 3358 624 3437 sitae,
652 3380 800 3450 quocum
821 3344 1001 3449 Philippus
1028 3370 1123 3422 antea
1144 3354 1217 3420 iam

171 3458 367 3526 inimicitias
389 3458 585 3549 gesseram,
607 3461 824 3529 Athenienses
846 3482 923 3527 vero
945 3460 1134 3526 societatem
1156 3456 1218 3523 ha-

75 3662 89 3670 „
157 3561 306 3645 'belm
329 3586 369 3630 ΒΧ
392 3588 460 3658 quo
473 3562 528 3632 01.
552 3564 625 3648 GV,
647 3567 667 3634 3
692 3565 936 3634 Chersonesum
947 3581 1045 3656 pacto
1064 3563 1110 3629 eis
1134 3583 1217 3630 con.

173 3776 486 3798 m

215 3915 369 4002 )Filiun
391 3919 466 3980 enim
489 3919 551 3980 eius
581 3917 713 3980 obsidem
741 3916 821 4001 apud
848 3916 1016 4001 Philippum
1046 3913 1150 3975 vidisse
1173 3913 1218 3974 le·

257 4023 338 4089 gatos
359 4007 557 4082 Athenienses,
579 4006 657 4087 pacis
684 4003 826 4065 ineundae
854 4025 937 4067 eausa
965 4005 994 4063 in
1016 4000 1219 4063 Macedoniarn

218 4095 368 4172 .toissos,
391 4095 499 4156 hasela·
516 4094 606 4155 refert
627 4114 660 4154 τι.
683 4110 823 4176 παραιτρ
835 4115 876 4177 p.
899 4090 984 4155 384
