2594 4672
596 232 600 239 ’
634 273 791 383 222⁶..

194 447 314 515 Aesch.
342 476 375 513 π.
405 471 543 534 πορατιρ.
570 469 605 537 p.
636 447 679 537 39
712 449 787 513 init.
842 448 983 515 Factum
1016 470 1093 539 ergo
1121 447 1160 514 id
1193 468 1239 520 est

194 577 309 619 mense
331 550 465 618 circiter
486 550 742 619 Anthesterione
755 550 894 645 Olymp.
910 552 1033 632 CVIII,
1057 577 1076 618 a
1099 554 1143 641 (v.
1163 580 1236 650 cap.

194 683 267 750 sup.
295 680 348 721 nr.
377 657 421 738 3).
471 655 629 747 Dumque
657 656 784 721 interea
810 656 953 723 Athenis
981 655 1023 721 de
1052 682 1135 749 pace
1159 684 1237 729 cum

193 760 346 854 Philippi
367 757 486 851 legatis
510 760 682 851 agebatur,
712 777 745 827 et
771 784 844 826 eam
866 761 1111 829 confirmabant
1132 766 1236 833 Athe·

192 867 335 943 nienses,
359 860 534 956 Philippus
557 867 593 930 in
616 864 761 931 Thracia
785 865 1036 959 Gersohleptem
1060 873 1233 961 oppressit,

191 969 318 1062 illaque
330 967 490 1033 Thraciae
513 967 643 1035 castella
662 972 870 1064 expugnavit,
894 995 980 1062 quae
992 971 1117 1038 Chares
1132 976 1235 1044 Athe·

191 1076 361 1147 niensium
382 1089 453 1137 tum
473 1075 632 1167 temporis
654 1077 693 1142 in
703 1075 918 1167 Hellesponto
940 1077 1122 1169 imperator
1138 1104 1236 1170 prae·

191 1178 285 1245 sidiis
298 1180 463 1271 impositis
477 1179 690 1248 custodiebat.
735 1181 905 1247 Demosth.
921 1180 1008 1247 Phil.
1021 1182 1080 1261 III,
1102 1207 1137 1273 p.
1157 1185 1233 1272 ¹¹4²

191 1281 209 1351 ὅ
240 1287 345 1351 τοίνυν
374 1287 530 1362 Φίλιππος
556 1284 589 1364 ἐξ
609 1285 723 1374 ἀρχῆς,
758 1285 829 1372 ἄρτι
856 1292 914 1372 τῆς
935 1285 1057 1373 εἰρήνης
1076 1293 1236 1372 γεγονυίας
1276 1310 1279 1321 ·

192 1429 235 1442 -
257 1389 387 1476 Σέρριον
413 1392 463 1454 καί
485 1392 643 1473 Δορίσκον
672 1391 903 1475 κατελάμβανε,
927 1393 978 1458 καί
1004 1388 1079 1467 τοὺς
1099 1394 1133 1458 ἐκ
1155 1386 1235 1485 Sell-

190 1495 260 1582 ῥίου
281 1496 401 1577 τείχους
421 1496 471 1559 καί
494 1495 579 1581 ίίρου
600 1493 694 1577 ὅρους
723 1493 918 1582 στρατιώτας
938 1494 1098 1577 ἐξέβαλλεν
1103 1546 1114 1578 ,
1140 1496 1234 1576 ahgi

188 1598 338 1683 ὖμίτερος
364 1598 540 1685 στρατηγὸς
570 1600 797 1685 Ζγκατίστησεν.
829 1602 928 1665 καίτοι
959 1605 1060 1666 ταῦτα
1087 1599 1235 1687 πράττων
1287 1590 1291 1595 ’

189 1705 223 1770 τί
241 1704 351 1786 ἐποίεις
374 1703 498 1790 εἰρήνην
518 1705 576 1787 μίν
596 1702 657 1789 γὰρ
677 1702 874 1792 ὀμωμόκατ’)
919 1703 1088 1770 Postrema
1110 1703 1236 1774 horum

188 1805 406 1900 hyperbolice
442 1809 547 1900 magis
581 1805 684 1888 dicta,
728 1831 830 1898 quam
862 1805 905 1872 ad
937 1809 1109 1874 veritatem
1146 1829 1233 1879 sunt

188 1912 275 1978 Aliis
299 1913 391 1976 enim
414 1911 540 2000 ubique
560 1908 643 1977 locis
665 1910 710 1975 oh
738 1909 775 1976 id
797 1912 943 1977 maxime
971 1913 1010 1982 in
1031 1911 1233 2006 Philippum

189 2016 361 2083 invehitur
391 2013 650 2094 Demosthenes,
685 2015 775 2105 quod
813 2016 953 2107 inipso
982 2040 1021 2083 eo
1050 2037 1235 2102 momento,

188 2143 256 2211 quo
292 2118 336 2185 de
370 2141 453 2209 pace
487 2115 595 2183 adhuc
629 2116 778 2185 ineunda
811 2138 978 2212 ageretur,
1017 2137 1051 2187 et
1078 2121 1236 2190 nondum

187 2212 369 2315 Philippus
396 2225 448 2288 ius
478 2220 661 2288 iurandum
688 2221 852 2304 dedisset,
882 2224 1024 2291 castellis
1052 2223 1119 2292 illis
1142 2229 1234 2294 iniu-
1282 2228 1289 2248 ⁴

186 2330 237 2395 ria
268 2331 311 2396 sit
339 2329 476 2421 potitus.
523 2328 562 2392 V.
593 2351 642 2394 or.
672 2326 716 2394 de
739 2328 899 2405 Cherson.
928 2356 963 2423 p.
996 2333 1066 2397 105.
1118 2332 1235 2425 Atque

186 2436 224 2499 in
248 2455 296 2501 or.
319 2463 353 2501 π.
376 2458 514 2520 ποραπρ.
537 2432 698 2499 Aeschini
725 2438 899 2526 exprobrat
928 2450 961 2501 et
989 2432 1148 2526 reliquis,
1173 2438 1235 2530 qui

186 2563 302 2606 secum
324 2538 439 2606 adius
460 2535 649 2602 ,iurandum
680 2563 698 2603 a
720 2535 878 2630 Philippo
901 2537 1100 2631 exigendum
1122 2559 1236 2608 essent

186 2645 225 2709 in
257 2640 494 2710 Macedoniam
522 2641 683 2732 proiecti,
713 2641 752 2707 id
781 2665 836 2709 eos
865 2659 944 2712 toto,
964 2643 1084 2709 itinere
1114 2645 1234 2736 egisse,

187 2745 364 2838 Philippus
386 2761 425 2809 ut
445 2767 595 2810 reversus
624 2743 761 2810 demum
789 2770 826 2810 ex
849 2745 1010 2826 Thracia,
1042 2751 1235 2838 occupatis-

187 2874 254 2941 que
267 2851 336 2915 iam
349 2871 412 2940 per
429 2847 532 2927 nefas,
556 2871 641 2939 quae
655 2867 848 2938 exoptasset,
870 2874 989 2941 pacem
1000 2851 1071 2916 iure
1086 2852 1234 2922 iurando

187 2955 417 3023 confirmaret:
438 2977 474 3044 Ρ.
497 2953 572 3042 390,
595 2951 669 3038 448.
691 3044 693 3049 ,
715 2953 765 3019 Cf.
788 2978 860 3046 cap.
890 2979 964 3047 sup.
985 2979 1053 3021 nr..
1067 2980 1093 3022 1.
1139 2956 1235 3048 Ipse·
1260 2958 1267 2999 s

187 3085 255 3150 que
277 3061 376 3127 etiam
396 3057 595 3138 Aeschines,
626 3059 688 3123 etsi
711 3056 921 3126 castellorum
942 3056 1077 3128 illorum
1098 3060 1235 3129 nullam

76 3150 94 3182 ¹
185 3164 285 3231 saciat
312 3163 536 3243 mentionem,
572 3160 824 3255 Gersohleptem
857 3180 969 3229 tamen
1001 3161 1168 3230 devictum
1198 3184 1250 3233 et

170 3263 390 3336 'Hieronoros
432 3284 656 3360 expugnatum
700 3292 772 3334 esse
810 3266 912 3357 resert
950 3266 1231 3361 Elaphebolionis
1263 3336 1268 3345 ,

185 3373 256 3439 iam
279 3370 396 3437 XXIV
418 3373 505 3461 (ἕκτῃ
527 3372 644 3461 φιλία),
668 3396 776 3464 quum
797 3370 907 3464 legati,
930 3373 1049 3464 quihus
1071 3374 1155 3439 iuris
1178 3375 1234 3439 iu-

230 3747 257 3842 “)
279 3758 380 3840 Itaque
404 3757 609 3840 Gersohleptes
631 3773 709 3818 ratus
722 3759 891 3840 Philippum
912 3781 929 3818 a
950 3761 1075 3820 castellis
1099 3761 1154 3820 illis
1175 3759 1229 3820 ab·

274 3860 432 3905 steuturum
460 3865 536 3923 esse,
565 3847 589 3904 si
617 3847 646 3904 in
668 3845 902 3925 Atheniensium,
933 3847 1106 3930 quibuscum
1129 3870 1231 3929 pacem

272 3934 396 3995 initurus
429 3945 503 4008 erat,
536 3930 667 3992 custodia
687 3950 884 4010 versarentur,
906 3933 1024 3994 Chareti
1045 3955 1078 3993 ea
1100 3934 1232 3995 tradide-

245 4035 326 4107 ,τρο
354 4016 525 4091 ¹(liter-cteta
544 4017 639 4079 luisse
663 4018 823 4079 Aeschines
851 4018 938 4082 docet
964 4044 998 4082 n.
1027 4040 1168 4102 παραπρ.
1198 4045 1231 4106 Ρ.
