2594 4672
545 280 716 386 ...ιι

124 440 281 519 Creatum
305 450 394 514 enim
416 462 493 513 eum
515 458 649 515 necesse
677 463 725 515 est
753 461 843 515 certe
871 446 951 511 anni
973 446 1039 511 iam
1059 466 1162 537 prae«.

123 550 283 637 cedentis,
306 551 443 644 Olymp.
469 546 547 632 CX,
579 575 614 658 a,
638 550 909 643 Scirophorione.
955 546 1158 615 Schoeman-

122 684 187 725 nus
212 658 349 751 quidem
369 653 424 740 (de
446 656 557 735 comit.
579 654 613 747 Ρ.
641 656 715 743 138)
747 654 903 721 archonte
925 653 1160 771 Theophrasto

125 754 262 869 Olymp.
286 762 365 843 CX,
398 784 410 825 1
447 774 602 839 exeunte,
635 756 739 824 latum
768 757 856 827 illud
883 755 925 821 de
953 758 1058 822 muris
1079 753 1171 821 refi-
1250 837 1252 842 Ι

124 856 253 934 ciendis
276 864 446 932 decretum
470 856 641 971 opinatur,
672 859 764 954 quod
786 878 867 945 tum,
889 857 980 926 hello
1003 859 1157 950 Philippi
1250 864 1252 868 ’

122 971 329 1064 imminente,
351 969 460 1058 legem
481 958 720 1033 Demosthenes
741 964 855 1032 tulerit
876 960 1059 1030 secundum
1077 962 1158 1026 Phi-

121 1060 297 1141 lochorum
324 1078 388 1162 (ap.
415 1070 553 1163 Dionys.
576 1069 651 1135 Hal.
675 1095 726 1199 ep.
756 1095 784 1134 a.
807 1070 916 1134 Amm.
939 1067 969 1156 §·
997 1067 1051 1154 ιι)
1084 1072 1160 1143 vata

122 1183 261 1264 πληροῦν
282 1177 332 1240 καὶ
354 1173 394 1238 τὰ
415 1173 495 1238 ἄλλα
516 1174 699 1260 ἐνεργεῖν
664 1201 704 1240 τα
727 1199 781 1240 τοο
766 1171 946 1255 ‘antinoo'
969 1171 1160 1262 insequenti

124 1303 230 1357 anno,
262 1276 419 1342 archonte
437 1262 697 1408 liysimachide,
735 1280 838 1367 q'uum
873 1273 1154 1340 Athenienses
1118 1300 1158 1340 τοι

123 1383 181 1466 μὲν
211 1381 284 1467 ἔργα
311 1380 351 1446 τὰ
378 1383 446 1467 napi
480 1379 555 1456 τους
585 1382 761 1457 νεωςοίκονς
795 1381 845 1443 καὶ
875 1378 933 1462 τὴν
966 1375 1160 1464 σκευοθήκην

124 1483 313 1568 ἀνεβάλοντο
342 1483 395 1548 διὰ
427 1482 483 1551 τὸν
514 1483 648 1568 πόλεμον
677 1482 733 1551 τὸν
758 1481 838 1568 πρὸς
866 1483 1036 1563 ohannau,
1070 1480 1159 1568 illud

125 1590 226 1654 etiam
255 1611 426 1659 murorum
453 1585 710 1655 reficiendorum
739 1578 821 1677 opus
850 1583 1007 1663 dilatum,
1037 1602 1070 1651 et
1100 1586 1160 1675 qui

131 1693 202 1756 eius
226 1700 391 1758 curatores
418 1690 558 1773 suerint,
590 1715 701 1783 neque
734 1691 851 1755 abiisse
882 1711 1021 1753 munere
1049 1706 1161 1778 neque

123 1797 268 1861 rationes
307 1793 476 1875 retulisse,
518 1819 585 1887 quo
624 1797 789 1874 evenerit,
831 1810 868 1858 ut
883 1789 1157 1874 Demosthenes,

123 1893 212 1964 unus
234 1923 274 1964 ex
281 1900 513 2026 οιιιιιιοιί1ιιιε,
535 1898 644 1964 adhuc
659 1896 794 1991 Olymp.
811 1896 884 1976 CX,
907 1897 926 1963 3
949 1920 1062 1962 mense
1075 1897 1160 1987 Pye-

123 1992 285 2095 nepsione
307 2002 477 2086 τειχοποιός
500 2020 591 2069 esset.
626 2004 681 2068 At
702 2001 835 2067 haec
806 2024 868 2065 ιιιι
857 1996 1090 2066 'doctissimi
1085 2004 1168 2067 sen-'

124 2107 228 2172 tentia
249 2105 346 2171 lacile
367 2096 534 2171 refellitur
552 2124 584 2193 et
601 2106 816 2173 rationibus
806 2129 843 2170 ιιι
864 2103 959 2169 hac
950 2128 1023 2195 ipsa
1044 2105 1160 2198 dispu-

124 2204 273 2276 tatione
275 2233 374 2299 supra
401 2233 419 2273 a
452 2202 549 2275 nobis
583 2211 721 2275 excussis
756 2227 788 2274 et
816 2230 855 2274 eo
882 2231 995 2273 rerum
1028 2208 1158 2290 ordine,

125 2308 228 2405 quem
251 2309 489 2403 exploravimus
512 2312 583 2402 cap.
607 2313 664 2378 IV.
688 2337 740 2376 nr.
765 2314 840 2399 7.'8.
864 2328 897 2377 et
919 2335 990 2404 cap.
1013 2311 1055 2377 V.
1100 2314 1168 2378 Et:

125 2410 219 2481 enim
241 2414 396 2481 archonte
420 2414 661 2507 Theophrasto,
686 2406 822 2505 Olympss
846 2414 925 2494 CX,
953 2439 963 2479 1
992 2416 1170 2481 ineunte

123 2528 216 2602 (nam
239 2536 379 2585 exeunte
401 2520 437 2583 in
450 2518 591 2611 'Scythia
604 2518 802 2593 versabatur,
829 2518 867 2584 V.
887 2541 957 2610 cap.
976 2518 1032 2606 V.)
1054 2544 1161 2611 quum

122 2623 302 2720 Philippus
337 2610 483 2714 Olympi
500 2623 596 2703 CIX,
624 2621 646 2707 ri
669 2639 745 2688 extr.
768 2624 964 2713 Byzantium
988 2622 1161 2691 obsidione

124 2724 302 2807 clausisset,
325 2725 460 2793 discissa
478 2714 621 2793 Athenis
643 2725 834 2793 solemniter
851 2750 943 2819 pace,
965 2718 1171 2794 Demosthe-'

83 2840 86 2845 ’
123 2854 185 2896 nes
207 2828 315 2922 legem
335 2829 423 2915 tulit,
444 2847 482 2898 ut
502 2855 631 2897 summa
643 2829 815 2921 diligentia
831 2855 928 2898 naves
941 2831 1174 2911 Athenienses

123 2927 337 3035 instruerent,
361 2952 535 3026 ceteraque
563 2933 655 3001 belli
668 2958 768 3027 opera
791 2952 956 3013 curarent,
979 2950 1099 3024 nemp'e
1122 2934 1174 3003 ut

124 3057 262 3130 possent
287 3040 463 3130 Byzantiis
485 3062 583 3130 opem
618 3036 743 3103 ferre
733 3056 886 3127 iustoque
914 3028 1004 3103 hello
1033 3034 1176 3139 Philip·¹

124 3164 207 3231 pum
237 3164 401 3233 premere.
451 3140 501 3208 Εο
530 3159 680 3232 tempore
711 3165 816 3231 quum
845 3140 882 3204 in
914 3139 1058 3207 Thracia
1080 3134 1172 3229 liel-¹

123 3238 339 3335 lespontique
366 3245 557 3337 regionibus
585 3242 675 3309 hello
691 3242 899 3363 ‘'Philippus
910 3261 1094 3335 occupatus,
1111 3272 1162 3314 es-

124 3364 189 3428 set,
223 3341 355 3414 nullus
364 3350 479 3415 aderat
510 3348 661 3414 instantis
690 3346 916 3438 impressionis
942 3350 1068 3432 metus,
1102 3354 1162 3444 qui

123 3451 345 3518 Athenienses
366 3462 536 3520 murorum
557 3449 758 3517 1etiorend01
752 3475 816 3515 um
828 3449 1031 3519 admoneret
1077 3446 1162 3522 Oni-

123 3548 178 3621 nis
199 3546 275 3625 tuin·
282 3557 403 3676 potius
426 3548 528 3659 oper'a
550 3553 646 3620 classi
668 3552 880 3621 instruendae
907 3543 1057 3625 navanda
1080 3552 1179 3691 erat.

123 3660 178 3726 Nu
178 3654 265 3725 l'la
255 3661 359 3761 igitur
387 3659 579 3726 communio
611 3659 747 3725 interest
778 3659 868 3724 inter
899 3656 992 3726 illam
1024 3662 1099 3730 navi

124 3762 375 3866 apparationem
403 3782 435 3831 et
463 3765 635 3830 murorum
664 3754 938 3849 reficiendorum
951 3738 1178 3842 mainus'Dssi

124 3858 292 3934 mostheni
323 3856 567 3933 demandatum.
622 3864 750 3947 Bellum
769 3844 842 3934 hoc
862 3856 1059 3968 Byz'airtinni
1080 3852 1186 4009 oilli?

124 3964 301 4038 tinuatnm
316 3989 364 4037 est
385 3995 491 4062 usque
519 3967 562 4034 ad
584 3964 720 4065 Olymp.
745 3970 817 4077 CX,
841 3994 860 4037 2
883 3990 1033 4039 mensem
1086 3954 1189 4115 Affli'

125 4066 422 4158 tomhaieoh'em,
391 4098 420 4140 s1
441 4096 480 4140 eo
501 4065 620 4166 pacem
640 4066 830 4142 restitutam
844 4070 948 4143 r'ect'e'
959 4076 1061 4170 supra
1069 4042 1189 4153 adn-'l
