2594 4672
614 263 678 334 309

129 426 263 522 dem
228 427 389 494 nmirum
412 428 675 501 commorabatur
702 431 799 498 etiam
823 429 880 498 Ol.
904 428 1017 512 cvll,
1040 431 1071 516 4,
1095 456 1163 525 quo
1258 482 1259 486 =

129 554 218 600 anno
240 528 459 598 Philochorus
477 539 545 625 (ap.
564 534 706 626 Dionys.
729 531 801 599 Hal.
832 531 854 602 1.
877 559 905 601 c.
928 535 957 624 §
973 545 1014 623 9)
1044 535 1164 604 Chari-

117 633 387 731 'demum-abs
375 661 407 702 εν
423 633 639 726 Ἑλλησπόντῳ
660 637 853 724 στρατηγόν,
887 637 1084 708 Chalcidicis
1106 663 1164 703 ιιι·-

123 737 226 804 bibus
248 763 268 804 a
287 735 443 830 Philippo
466 740 585 831 pressis
607 737 728 807 auxilio
749 743 895 814 missum.
912 764 980 807 esse
1003 741 1045 806 ab
1060 741 1164 806 Athe-

128 841 300 908 niensibus
322 859 356 908 ct
377 841 574 934 Olynthiis
564 847 715 908 uinctum
742 841 913 910 Pallenem
936 861 969 910 et
980 845 1163 910 Bottiaeam

128 960 267 1011 vastasse
280 943 399 1009 refert.
442 946 488 1010 At
509 943 566 1011 Ol.
596 945 673 1026 CX,
704 947 724 1014 3
756 945 995 1035 Charidemum
1022 945 1163 1016 Athenis

127 1040 327 1137 invenimus,
351 1069 418 1136 quo
441 1029 591 1138 tempore
612 1047 770 1115 continuo
802 1067 879 1140 post
900 1049 1033 1116 cladem
1056 1049 1164 1115 Chae-

128 1172 306 1216 ronensem
326 1147 498 1215 Athenis
482 1173 524 1214 ιιι
546 1165 688 1216 extremo
720 1152 857 1219 civitatis
887 1151 1080 1219 discrimine
1101 1175 1163 1219 no-

127 1275 246 1318 varum
257 1274 370 1316 rerum
385 1249 712 1342 cupidi-Charidemo
728 1256 777 1320 rei
789 1251 1164 1346 publicae-administra-

129 1357 257 1422 tionem
274 1355 476 1446 imperiique
490 1380 658 1442 summam
673 1355 868 1429 tradendam
884 1358 1032 1448 agebant
1077 1357 1161 1426 Plus.

129 1458 230 1525 Phoe.
265 1458 313 1526 16.
343 1496 386 1510 -·-
415 1457 471 1526 Ol.
500 1459 580 1526 CXI
587 1508 598 1540 ,
632 1483 643 1526 1
678 1476 788 1527 tamen
814 1485 927 1530 rursus
956 1461 994 1529 in
1021 1460 1190 1546 Chersog
1238 1476 1240 1481 '

129 1585 210 1629 neso
237 1578 382 1628 versatus
408 1562 548 1630 videtur.
601 1562 793 1630 Charidemi
822 1567 914 1631 enim
940 1562 1162 1656 speculatores

127 1689 246 1732 necem
267 1663 417 1758 Philippi
440 1666 656 1732 Demostheni
677 1668 861 1748 nunciasse,
877 1668 1058 1733 Aeschines
1081 1691 1163 1749 con-

127 1767 238 1836 tendit
258 1792 304 1835 or.
328 1770 363 1835 in
387 1771 473 1836 Ctes.
495 1795 529 1862 p.
552 1769 596 1855 64
618 1787 697 1835 extr.
744 1772 895 1863 Denique
924 1771 980 1837 Ol.
1011 1772 1107 1852 CXl,
1141 1795 1161 1836 a

123 1871 330 1959 Alexander,
363 1873 489 1939 Thebis
509 1874 609 1940 modo
633 1872 767 1953 dirutis,
789 1899 852 1966 pro
874 1898 957 1966 pace
978 1874 1163 1939 Athenien-

127 1977 219 2062 sibus
242 1975 454 2044 concedenda
477 1975 715 2043 Charidemum
744 1983 784 2042 ab
815 1977 862 2043 eis
884 1978 1075 2068 expoposcit
1096 1991 1162 2044 una

127 2074 205 2149 cum
226 2081 467 2159 Demosthene,
490 2080 661 2171 Lycurgo,
687 2079 866 2173 Hyperide,
890 2081 1049 2163 Dictimo,
1074 2081 1162 2157 Cha·

112 2202 198 2258 ‘rete
221 2200 264 2261 ,et
294 2183 365 2249 aliis
398 2184 501 2250 tribus
528 2181 580 2249 vel
602 2184 771 2274 quinque,
802 2185 861 2274 qui
890 2178 1018 2251 tum'in
1038 2209 1076 2251 rc
1098 2211 1161 2278 pu-

125 2287 215 2354 blica
242 2284 502 2353 administranda
535 2287 705 2378 principes
740 2304 834 2352 erant
872 2285 1161 2379 Macedonumque
1257 2314 1259 2329 ¹

118 2389 316 2466 adversarii.
372 2387 457 2455 Plut.
499 2387 677 2454 Demosth.
707 2390 758 2456 23.
803 2388 1160 2477 Phoc.17.A1rian.

125 2493 256 2586 Exped.
283 2491 379 2560 Alex.
403 2493 437 2558 I.
473 2515 520 2558 ιο.
553 2492 646 2557 Curt.
677 2491 734 2557 111.
768 2494 796 2559 5
849 2492 894 2557 Et
927 2514 986 2556 rex
1012 2490 1160 2582 placatus

129 2597 268 2691 quidem
301 2614 350 2663 est
377 2619 441 2686 per
467 2576 668 2676 Deinadem,
708 2593 1004 2660 Charidemum
1038 2612 1159 2677 tamen,

128 2726 237 2769 unum
267 2703 307 2767 ex
311 2698 508 2780 omnibus,
546 2722 629 2791 quos
658 2714 868 2800 poposcerat,
900 2696 1065 2766 exulare
1055 2701 1158 2766 iussit.
1189 2689 1191 2694 ’

128 2795 228 2896 Isque
248 2806 286 2871 in
307 2806 419 2871 Asiam
440 2803 483 2869 ad
503 2804 641 2868 Darium
663 2827 776 2893 regem
797 2825 832 2867 se
846 2800 998 2883 contulit,
1018 2801 1160 2869 Alexan-

116 2908 190 2991 ‚dro
212 2907 438 2976 adversaturus
465 2908 607 2992 (Arrian.
636 2904 660 2972 1.
683 2931 711 2973 c.
740 2906 899 2972 Dinareh.
928 2906 966 2971 in
987 2906 1158 2976 Demosth.

121 3038 160 3106 p.
183 3005 248 3096 25),
270 3013 394 3107 ibique,
408 3012 507 3078 inter⁴
521 3013 607 3102 regis
635 3008 840 3077 consultores
865 3025 1017 3101 receptus
1039 3033 1159 3099 magna
1202 3088 1206 3096 .

123 3118 207 3184 vixit
228 3115 431 3197 auctoritate,
453 3115 560 3182 donec
581 3116 616 3179 in
647 3113 867 3204 suspicionem
892 3128 1022 3178 vocatus
1045 3129 1103 3194 est,
1122 3128 1159 3190 ,et

125 3221 170 3292 ob
197 3221 338 3286 nimiam
365 3208 511 3311 linguae}
524 3217 694 3284 licentiam
722 3216 829 3280 iussu·
842 3214 938 3279 Darii
965 3214 1156 3284 interfectus

122 3325 231 3410 (Curt.
253 3322 276 3389 l.
299 3331 340 3407 o.)
363 3323 420 3390 Ol.
443 3314 581 3406 exul
599 3317 783 3386 seeundum
809 3315 948 3385 Diodor.
971 3314 1086 3386 XVII.
1102 3320 1155 3389 30.

123 3431 194 3497 Iam
215 3452 293 3496 vero
321 3428 386 3494 hic
400 3424 636 3503 Charidemus,
669 3444 770 3514 quem
801 3419 882 3488 inde
908 3420 950 3487 ab
972 3419 1028 3488 Ol.
1051 3422 1155 3503 CVII,

123 3557 145 3601 a
168 3534 265 3600 toties
295 3531 503 3598 nominatum
529 3526 800 3619 celebratumque
820 3525 1026 3610 invenimus,
1047 3544 1086 3594 ut
1105 3528 1156 3594 vi·
1188 3588 1200 3611 ,v

123 3661 204 3704 rum
233 3652 267 3704 et
293 3652 362 3715 arte
389 3632 526 3714 militari
552 3632 735 3727 insignem,
763 3643 802 3698 'et
826 3630 913 3719 vviris
931 3632 1039 3701 ,etiam
1059 3631 1096 3696 in
1117 3652 1154 3696 rc

124 3830 436 3851 m

212 3991 277 4030 cum
298 3966 399 4028 decem
416 3965 474 4026 illis
495 3963 613 4028 navibus
635 3981 664 4027 et
686 3966 797 4028 talentis
823 3964 956 4088 qutinque
977 3965 1005 4025 in
1028 3964 1154 4025 Cherso-

212 4077 311 4118 ncsum
332 4055 437 4114 misam
453 4053 498 4113 sit.
