2594 4672
556 278 646 374 tul

15 478 25 537 3
48 470 285 552 ’ἃπολαβεΐν
321 461 358 534 A?
386 468 622 552 severellam,
660 469 746 547 ὅπως
778 453 953 599 ὑπομείνας
977 473 1035 556 μέν
1018 483 1106 540 vro

62 571 338 700 προςτασιρόμενον
358 596 416 656 την
437 569 646 658 ἀλλοτρίαν”
625 599 703 656 εχιιν
722 571 874 658 ὁμολογῶ,
897 573 941 660 μὴ
963 577 1108 704 προειμέ-

10 706 27 735 ··
62 701 120 752 νος
142 675 230 742 δὲ
196 700 234 740 το
254 676 372 760 χωρίον
391 675 531 752 ὕποπτος
557 677 692 772 γένωμαι
713 684 759 766 τῷ
780 675 904 761 πλήθει.
931 679 1023 762 γνοὺς
1049 679 1108 764 ἐγὼ

61 785 166 869 ταῦτα
188 777 427 866 προυκαλούμην
447 785 594 864 κριθῆναι
616 768 684 866 περί
706 780 825 846 τούτων
846 778 925 867 πρὸς
945 777 1044 864 ὑμᾶς)
1066 780 1107 846 ‘lv’
1147 771 1149 774 Α

46 887 91 950 ἐἲ
112 871 169 967 μὲν
191 881 249 968 ἐμὴ
271 887 411 971 γνωσθῇ,
434 885 506 969 παρ’
528 881 603 966 ἐμοῦ
626 886 711 973 δοθῇ
738 883 775 950 τὸ
799 885 916 971 χωρίον
936 880 1024 968 ὑμῖν,
1054 884 1109 951 ἐὰν

42 989 100 1057 ’,δὲ
120 984 254 1073 ὕμετίροι
275 991 390 1074 κριθῇ,
422 985 492 1052 τότε
520 985 629 1065 ἀποδῶ
651 993 696 1077 τῷ
719 987 818 1077 δήμῳ.
846 994 947 1053 ταῦτα
975 990 1001 1052 δ’
1032 991 1107 1072 ἐμοῦ

59 1089 212 1166 πολλάκις
240 1088 401 1167 ἀξιοῦντος
428 1086 517 1172 iretis
542 1090 600 1173 μέν
628 1090 665 1156 οὗ
691 1095 873 1191 προςείχιιε.
924 1089 983 1157 Sic
1006 1092 1108 1181 igitur
1211 1105 1220 1122 ‘

64 1206 174 1286 quum
194 1192 410 1284 pertinaciter
431 1195 682 1314 possessionem·
693 1211 907 1287 reposcerent
922 1194 1107 1260 Athenien-

65 1319 137 1376 ses,
163 1295 355 1415 Peparethii
384 1295 549 1363 Haloneso
582 1298 703 1379 vicini,
735 1299 776 1364 ab
806 1299 852 1364 eis
881 1297 972 1362 haud
1003 1297 1106 1364 dubie

62 1399 212 1489 instigati
235 1399 338 1490 captis
361 1398 527 1493 Philippi,
559 1403 618 1492 qui
640 1399 784 1466 insulam
806 1401 995 1482 tuebantur,
1015 1427 1110 1468 mer

45 1501 206 1570 'cerariis
233 1502 299 1612 ipsi
321 1501 524 1570 Halonesum
551 1523 767 1596 occuparmunt
818 1506 921 1572 Cuius
949 1501 1105 1572 facinoris
1180 1579 1182 1582 ⁸

61 1594 209 1727 poenam
243 1608 398 1699 repetens
429 1608 615 1701 Philippus
640 1633 679 1674 ea
715 1611 846 1676 ratione
880 1611 1106 1702 Peparethum

63 1710 225 1792 tractavit,
248 1734 332 1802 quae
353 1710 461 1778 verbis
484 1735 531 1777 or.
556 1711 598 1777 de
621 1735 689 1780 cor.
711 1737 816 1819 supra
829 1709 943 1793 allatis,
967 1714 1106 1805 quihus

64 1816 243 1907 cumipse
270 1811 444 1908 Philippus
478 1818 572 1907 epist
600 1815 624 1882 l
655 1841 684 1884 c
715 1800 898 1909 conspirat,
928 1816 1104 1885 indicatur.

63 1921 140 2003 Quo
168 1917 254 1985 sacto
283 1920 510 1986 exacerbati
501 1946 568 1986 iam
594 1920 814 1987 Athenienses
843 1945 944 2012 quem
974 1938 1045 1987 tum
1068 1923 1104 1986 in

61 2021 281 2116 Hellesponto
304 2025 410 2116 copiis
432 2026 499 2090 suis
526 2025 757 2118 praefecerant
783 2025 1034 2116 imperatorem,
1068 2043 1106 2092 ut
1151 2062 1153 2067 ·

60 2125 246 2195 vindictam
268 2126 311 2192 de
334 2126 490 2221 Philippo
513 2146 667 2213 sumeret,
688 2127 905 2225 impulerunt.
950 2129 992 2195 V.
1015 2128 1102 2195 Phil.
1132 2170 1138 2189 ·.
1241 2125 1243 2129 ἲ

63 2228 207 2325 epistl.
230 2254 258 2298 e.
304 2231 382 2297 Tali
407 2230 507 2300 modo
530 2257 592 2301 res
611 2235 691 2303 istae
713 2231 805 2298 haud
827 2233 987 2347 exiguum
1011 2257 1104 2339 exar-
1135 2237 1137 2239 ’

65 2331 215 2400 descenti
234 2333 321 2402 bello
344 2354 551 2402 momentum
574 2335 722 2423 attulere

38 2509 41 2514 ,
153 2437 223 2505 Iam
243 2439 335 2534 quod
357 2439 400 2504 ad
431 2457 579 2530 tempora
602 2441 735 2521 attinet,
759 2439 880 2530 quibus
903 2455 936 2504 et
957 2393 1104 2505 Halone-

60 2536 116 2608 sus
145 2559 303 2635 occupata
330 2545 374 2609 sit
403 2567 421 2608 a
443 2543 605 2637 Ph111pp0
636 2562 669 2610 et
695 2543 898 2647 Peparethus
926 2541 1102 2624 devastata,

59 2669 110 2727 ea,
134 2668 335 2767 quamquam
352 2671 422 2714 non
439 2647 521 2715 adeo
545 2665 708 2731 accurate,
731 2638 869 2714 definiri
891 2665 1001 2713 tamen
1022 2670 1102 2740 pos-

58 2766 140 2824 sunt
162 2774 203 2816 ex
225 2753 375 2817 oratione
398 2751 439 2853 de
462 2751 751 2853 Haloneso,1nter
770 2751 1005 2820 Demosthenis
1028 2774 1102 2817 ora-

57 2854 167 2921 tiones
188 2873 338 2948 recepta,
361 2872 404 2938 et,
422 2881 528 2948 quam
551 2859 683 2947 saepius
712 2881 813 2949 supra
834 2857 1100 2935 memoravimus,
1132 2878 1158 2903 2

56 2955 211 3052 Philippi
239 2957 385 3052 epistola.
437 2962 549 3026 Prima
578 2950 701 3027 etenim
732 2958 890 3025 Halonesi
922 2974 1101 3050 occupatae
1192 2969 1225 3040 f

56 3064 307 3154 praecipuaque
336 3066 462 3131 mentio
498 3068 535 3131 in
567 3089 604 3130 ea
639 3064 679 3129 fit
714 3064 882 3140 oratione,
918 3084 1003 3154 quae
1031 3063 1100 3148 περὶ

49 3161 224 3251 :ilariaco
251 3167 392 3233 inscribi
415 3165 505 3234 solet.
550 3165 634 3234 Eam
657 3184 768 3232 autem
791 3163 930 3258 Olymp.
955 3164 1049 3246 clx-,-
1079 3189 1098 3229 a

55 3268 208 3335 habitam
231 3292 299 3336 esse
320 3272 460 3362 Dionys.
484 3269 558 3336 Hal.
580 3269 682 3335 refert
709 3271 760 3335 in.
778 3292 829 3360 ep.
861 3266 904 3334 ad
936 3263 1046 3334 Amm.
1069 3271 1099 3359 S.

60 3393 112 3439 ιο.
148 3373 254 3452 ΙΒιονί
276 3391 425 3468 tempore
454 3393 529 3441 ante
554 3398 655 3465 quam
678 3365 782 3440 oratio
804 3373 886 3438 haec
907 3371 1020 3439 habita
1041 3388 1101 3454 est,
1195 3384 1197 3388 ’

55 3477 152 3553 missi
186 3474 229 3542 ad
260 3478 460 3573 Philippum
492 3466 593 3570 legati
623 3478 664 3542 ab
697 3477 959 3544 Atheniensibus
996 3495 1099 3559 erant,

58 3581 121 3673 qui
141 3599 276 3676 praeter
298 3582 360 3648 alia
380 3581 563 3677 postulasse
578 3580 615 3647 id
627 3605 761 3674 quoque
774 3607 792 3645 a
807 3579 967 3673 Philippo
982 3580 1100 3646 viden-

56 3701 129 3767 tur,
151 3701 191 3751 ut
210 3685 356 3754 insulam
376 3686 480 3768 hanc,
510 3687 635 3763 iniuria
664 3686 855 3777 abreptam,
885 3684 1099 3776 Atheniensi-

51 3787 118 3856 bus
140 3786 298 3857 redderet
319 3788 375 3880 (de
389 3791 509 3858 Halon.
532 3816 566 3882 p.
587 3791 654 3880 77).
699 3788 878 3882 Philippus
900 3809 1100 3877 responsum
1200 3778 1203 3793 '
1258 3731 1266 3744 ·

53 3889 170 3984 legatis
186 3963 188 3967 Α
204 3891 334 3975 datum,
368 3894 492 3963 donare
521 3919 556 3960 se
593 3894 854 3961 Atheniensibus
893 3889 1099 3958 Halonesum

53 3996 152 4089 velle,
174 4021 237 4090 per
251 3989 367 4064 missos
380 3999 526 4064 Athenas
538 4023 622 4065 cum
640 3997 777 4091 epistola
794 3996 928 4086 legatos,
951 3996 1097 4087 repetiit,
1127 4056 1128 4059 ,

54 4101 115 4170 sin·
131 4105 243 4174 autem
265 4119 303 4173 ut
323 4126 417 4173 suam
434 4120 659 4196 reposcerent,
682 4121 720 4179 ut
735 4104 807 4170 iure
824 4115 960 4192 agerent
972 4121 1097 4181 secum,

645 4204 647 4209 ’
721 4212 745 4283 9
