2594 4672
678 259 724 332 26

620 353 778 370 *aa*

180 413 254 498 suni
276 429 456 512 miserunt,
479 433 539 529 qui
561 432 782 526 impressione
803 437 840 501 in
853 424 1032 506 Arcadiam
1051 437 1138 505 facta
1157 439 1221 509 ho-

180 536 244 602 stes
265 535 431 604 Laconica
462 536 620 604 recedere
652 540 770 632 coegit
792 540 960 632 (Xenoph.
989 539 1012 606 l.
1045 565 1075 608 c.
1097 542 1163 624 VI,
1188 548 1220 627 5,
1274 583 1277 589 ·

177 641 208 728 S.
230 638 285 730 49,
307 664 380 732 sqq.
426 640 534 710 Diod:
551 641 586 709 S.
608 643 685 726 XV,
706 644 761 724 62,
775 644 860 731 v63);
881 643 1083 736 foedereque
1099 647 1220 716 exinde

176 743 261 812 facto
284 767 391 836 usque
414 745 458 811 ad
472 770 620 840 pugnam
634 748 880 815 Mantinensem
897 767 1032 833 strenue
1055 773 1133 816 cum
1154 753 1220 818 La·
1273 789 1275 794 v

80 872 88 888 =
174 845 398 1019 pedaepnoplips
426 849 580 918 adversus
608 851 785 920 Thebanos
814 852 1016 944 pugnabant.
1062 855 1217 947 Xenoph.
1276 871 1279 874 ’

193 975 297 1018 c..
387 1000 396 1017 ,
502 1008 511 1022 ,
640 974 642 978 -

172 1174 204 1242 6.
226 1199 261 1266 p.
278 1177 352 1267 259
375 1169 419 1247 ὧν
439 1175 500 1247 ὑπὸ
523 1183 703 1270 Θεμίσωνος
722 1185 772 1250 καὶ
794 1181 960 1271 Θεοδώρου
981 1185 1048 1271 περὶ
1068 1156 1226 1271 Ὠρωπὸνί
1271 1220 1274 1226 ·

214 1279 377 1368 ἠδίκησθε.

594 1374 678 1430 Olymp.
695 1375 753 1422 cm.
773 1375 792 1416 3.
828 1420 830 1423 ,

181 1507 184 1511 -
237 1454 238 1457 ¹
260 1469 396 1563 Oropus
419 1474 584 1566 oppidum
596 1494 666 1544 crat
678 1472 715 1542 iu
733 1474 879 1542 confinio
897 1475 1028 1541 Atticae
1042 1474 1214 1543 Boeotiae-

56 1584 65 1599 '
173 1596 238 1664 que
261 1574 304 1641 ad
325 1577 492 1670 Euripum
512 1580 631 1661 situm,
662 1581 716 1647 cui
738 1583 775 1646 in
804 1581 966 1670 opposita·
979 1577 1133 1645 Euboeae
1154 1601 1215 1673 ora

169 1676 301 1745 Eretria
323 1686 400 1746 urbs
422 1680 464 1766 40
487 1682 671 1749 stadiorum
693 1680 866 1748 intervallo
898 1702 939 1747 ex
964 1680 1102 1746 adverso
1125 1683 1214 1748 iace-

167 1779 235 1847 but.
279 1781 388 1878 Strab.
420 1786 486 1866 ΙΧ,
511 1810 544 1877 p.
562 1787 637 1874 399,
658 1783 734 1868 403.
783 1785 891 1850 Locus
923 1784 951 1849 is
979 1781 1069 1849 haud
1098 1787 1211 1878 exigui

168 1902 238 1951 erat
258 1889 439 1967 momenti,
472 1889 553 1980 quia
578 1910 642 1980 per
663 1912 741 1953 cum
762 1891 925 1953 terrestris
947 1906 1146 1954 commeatus
1170 1911 1211 1956 er

168 1988 306 2057 Euboea
327 1992 461 2056 veniens
483 1993 521 2057 in
543 1992 771 2060 continentem
801 2009 834 2057 ct
865 1992 1041 2082 inprimis
1063 1993 1099 2057 in
1121 1995 1210 2060 Atti-

168 2115 241 2158 cam
263 2094 515 2186 imponebatur.
548 2096 668 2161 Thuc.
698 2097 775 2176 VH,
800 2098 851 2162 28.
896 2092 1013 2160 Talem
1036 2097 1141 2184 igitur
1163 2096 1208 2166 ob

166 2196 267 2262 situm
290 2216 323 2264 et
345 2199 573 2267 conditionem
596 2225 636 2267 ex
661 2200 886 2268 vetustissimis
916 2200 1125 2292 temporibus
1152 2225 1208 2268 us-

167 2325 233 2393 que
256 2300 298 2393 ad
316 2320 498 2370 extremam
518 2305 672 2399 Philippi
694 2322 833 2389 aetatem
856 2304 991 2396 Oropus
1013 2305 1208 2397 continuam

164 2403 423 2479 Atheniensibus
443 2410 680 2502 Thebanisquc
697 2411 940 2478 controversiae
962 2425 995 2474 et
1017 2407 1206 2476 certaminis

112 2588 116 2594 ,
165 2513 338 2588 materiam
351 2513 507 2582 offerebat
517 2514 598 2604 (Str.
614 2517 673 2597 IX,
688 2541 722 2608 p.
735 2518 808 2604 399.
822 2516 916 2580 Paua.
931 2515 956 2594 Ι,
969 2513 1037 2598 34),
1062 2530 1094 2578 et
1107 2513 1205 2579 utris-

165 2639 232 2708 que
265 2619 340 2682 iure
370 2619 434 2684 sibi
467 2643 544 2684 eum
578 2618 824 2684 vindicantibus
859 2618 986 2697 phorum
1025 2614 1201 2683 illorumve

124 2733 126 2737 ’
162 2710 409 2814 praevalentem
431 2721 624 2814 adtempus
644 2739 842 2814 potestatem
862 2721 1071 2812 sequebatur.
1116 2720 1202 2788 Belli

106 2856 113 2877 ¹
162 2825 437 2929 Peloponnesiaci
478 2843 628 2918 tempore
666 2825 924 2911 Atheniensium
964 2826 1053 2889 iuter
1095 2828 1200 2892 socios

49 2953 51 2957 ·
160 2929 317 3023 ὑπηκόους
342 2932 444 2998 fuisse
472 2930 636 3022 Oropios,
667 2948 781 3004 auctor
808 2933 866 2995 est'
884 2928 1039 3020 Thucyd.
1071 2929 1119 3009 ΙΙ,
1149 2930 1199 3000 23.

116 3047 119 3050 ’
163 3021 300 3143 Olymp.
326 3036 450 3117 XCIII,
472 3033 495 3122 4
529 3057 640 3102 eversa
661 3051 747 3099 terra
770 3035 921 3125 marique
944 3033 1200 3100 Atheniensium

162 3131 324 3245 potestate
356 3143 409 3216 sui
441 3117 532 3213 inis.
546 3139 625 3206 urbs
654 3138 739 3207 facta
767 3136 899 3204 videtur
929 3161 1007 3204 esse.
1064 3134 1199 3230 Olymp.

161 3250 254 3324 enim
276 3246 405 3328 XCIV,
431 3248 464 3324 >3
510 3244 621 3336 Oropi
649 3247 737 3310 cives
766 3239 929 3309 seditione
961 3244 1048 3307 inter
1079 3265 1113 3306 se
1145 3267 1202 3307 ex-

162 3355 258 3429 citata
280 3348 461 3428 nonnullos
482 3375 522 3425 ex
543 3348 626 3414 urbe
648 3347 858 3439 expulerunt.
904 3347 969 3430 Qui
999 3344 1042 3411 ad
1070 3363 1201 3436 tempus
1279 3378 1284 3387 «

142 3456 302 3550 'aliquod
331 3453 478 3531 reditum
506 3453 654 3546 propriis
683 3452 809 3518 viribus
838 3452 902 3517 sihi
930 3448 1110 3517 conciliare
1141 3475 1201 3539 an-

158 3565 231 3631 nixi
260 3586 338 3634 oum
371 3576 488 3649 coepta
510 3556 552 3632 ad
574 3549 677 3632 finem
694 3573 887 3647 permovere
909 3556 1020 3620 minus
1041 3551 1199 3635 valerent,

157 3668 337 3735 Thebanos
364 3655 541 3756 rogabant,
574 3679 613 3737 ut
637 3662 705 3726 suis
738 3661 826 3752 ipsos
855 3661 961 3752 copiis
989 3657 1198 3724 reducerent.
1256 3652 1278 3721 J

53 3822 56 3830 -
119 3773 121 3778 ’
158 3773 204 3841 H1
227 3770 440 3864 expeditione
468 3767 504 3840 in
540 3765 684 3860 Oropios
708 3782 856 3857 suscepta
885 3764 968 3829 urhe
989 3763 1087 3854 potiti
1109 3779 1198 3842 suut,

158 3899 299 3970 eamque
322 3871 364 3949 ad
385 3888 520 3962 septem
535 3868 638 3958 stadia
667 3866 798 3962 longius
822 3895 840 3934 a
867 3869 953 3934 mari
974 3884 1198 3934 removerunt.

158 3984 234 4066 Quu
251 3971 349 4053 ¹[ueto
380 3994 558 4068 postquam
583 3973 730 4066 primum
753 3973 891 4066 Oropiis
920 3998 992 4039 rem
1026 3970 1199 4064 publicam

156 4067 298 4196 proprio
316 4080 454 4159 arbitrio
474 4071 657 4172 gerendum
676 4079 906 4170 permiserant,
930 4078 1061 4144 civitate
1075 4071 1200 4140 deinde
