2594 4672
499 263 767 385 ,111,

56 499 66 517 .
122 449 235 528 sitem,
264 448 352 513 inter
376 443 578 515 *Perinthum
605 447 868 541 Byzantiumque
897 442 1051 532 mediam.
1065 460 1073 478 ²
1105 444 1169 516 Et-

123 553 215 621 enim
236 551 358 618 mensis
379 549 633 618 Baedromionis
656 549 774 620 ultimo
795 549 1017 639 Athenienses
1039 550 1168 643 legatos

47 726 52 732 ,
123 655 167 728 ad
181 652 386 776 Philippum
407 656 544 723 mittunt
567 656 811 746 quaesituros,
819 678 880 722 cur
906 628 1169 723 Atheniensium

123 760 244 852 viginti
265 760 412 849 navigia,
445 756 605 825 frumenti
637 755 833 854 exportandi
862 782 962 824 eausa
986 760 1029 825 in
1050 757 1180 826 Helle-‘

124 881 284 957 epontum
304 863 420 944 missa,
437 886 471 928 1
497 861 638 931 duce'
610 887 680 930 etus
701 864 879 956 Amynte'
868 887 907 929 11
930 861 1169 932 Macedoniam

10 979 32 1006 ⁸
123 968 289 1038 violenter
320 967 459 1058 abrepta
480 966 563 1053 sint,
591 991 695 1060 eaque
724 984 762 1034 ut
789 964 891 1058 simul
913 990 991 1034 eum
1011 985 1169 1080 praetore
1201 1044 1204 1048 ¹

123 1070 351 1148 Leodamante
373 1069 603 1164 militibusque
624 1072 688 1139 sibi
702 1072 900 1154 restitueret,
921 1087 1106 1163 rogaturos,
1131 1097 1170 1141 ex

124 1175 259 1246 decreto
280 1172 546 1266 Aristophontis,
576 1174 668 1268 quod
686 1192 801 1244 41111111
827 1176 865 1241 11
895 1199 944 1244 01.
976 1173 1018 1241 de
1040 1199 1110 1242 101.
1132 1201 1169 1269 Ρ.’

58 1281 62 1297 “
126 1270 200 1361 15ο,
224 1297 257 1346 11
278 1303 354 1345 cum
375 1280 483 1370 primi
504 1279 644 1362 Eubuli,
667 1279 783 1346 eadem
805 1277 848 1346 de
869 1277 1005 1361 relato,
1027 1277 1128 1372 (1114
1130 1280 1169 1370 9)

126 1383 319 1472 anebontem
347 1381 494 1474 praefert
527 1369 857 1505 pseudeponymum
875 1382 1045 1450 Neoclem.
1089 1383 1171 1451 --lta

59 1478 65 1554 ᾖ
123 1489 208 1582 ptis
214 1503 324 1554 autem
347 1485 411 1554 illis
431 1488 571 1581 navigiis
584 1488 782 1594 Philippum
792 1486 1033 1556 Demosthenes
1054 1488 1170 1581 primo

109 1591 346 1711 ‘foedifragum
374 1592 532 1658 exstitisse
562 1558 754 1660 contendit:
794 1595 846 1660 ani
875 1594 941 1679 μὴν
964 1590 1023 1676 τὴν
1043 1591 1171 1682 εῗρήνην

78 1788 79 1791 ¹
126 1701 152 1784 y'
175 1680 287 1773 ἐκεῖνος
308 1695 399 1762 ἔλυσε
421 1695 462 1762 τὰ
483 1703 577 1764 nicio
598 1697 713 1783 λαβών,
737 1721 772 1790 Ρ.
764 1687 865 1788 1491
887 1694 954 1764 ἀλλ’
976 1694 1080 1783 ἐπειδὴ
1103 1722 1171 1786 φα-

38 1886 40 1890 ,
126 1804 222 1889 νερῶζ
242 1801 303 1886 ἤδη
326 1800 367 1866 τὰ
388 1806 482 1866 πλοῖα
503 1799 684 1898 ἐσεσύλητο,
714 1797 916 1890 Χερρόνησος
936 1801 1103 1887 ἐπορθεῖτο
1127 1839 1169 1853 -

98 1903 289 1995 ’,ἔνειστήκει
319 1894 540 1997 n6leyaoc,p.
573 1888 649 1995 174.
694 1902 797 1988 Quod
824 1926 937 1996 neque
962 1901 1007 1971 ad
1029 1901 1169 1999 Olymp.

128 2006 299 2077 01113
333 2008 515 2090 ineuntem,
547 2032 660 2099 neque
682 2007 756 2076 ad'
746 2025 921 2076 ineuntem
943 2006 1077 2100 Olymp.
1102 2007 1170 2074 CX

127 2134 195 2180 1.1
232 2110 350 2186 referti
377 2134 492 2204 posse,
525 2111 705 2182 clarissime
732 2111 882 2206 Philippi
905 2111 1005 2180 docet
1024 2110 1165 2205 epistola

126 2215 186 2306 (de
207 2238 275 2285 101.
297 2240 332 2308 Ρ.
364 2218 459 2304 151,)
491 2214 603 2283 audita
629 2213 795 2317 legatione
820 2215 879 2285 illa
903 2215 1168 2285 Atheniensibus

126 2323 237 2389 missa.
279 2319 403 2388 Nam
392 2345 430 2386 1n
459 2343 496 2388 ea
527 2323 702 2389 restituere
727 2345 799 2390 sese
825 2323 958 2413 navigia
987 2320 1170 2413 Philippus

117 2425 260 2507 scribit,
291 2448 522 2519 pacemque
554 2427 600 2492 in
620 2441 831 2518 posterum
853 2426 1172 2495 observaturum

128 2540 215 2600 esse
237 2527 534 2632 pollicetur,
508 2554 538 2598 st
558 2529 659 2609 modo
683 2529 724 2600 ab
746 2529 935 2626 improbis
926 2526 1173 2597 etiniuriarum

128 2630 261 2725 cupidis
282 2608 476 2700 hominibus
499 2633 579 2702 duci
611 2659 646 2702 se
666 2635 888 2723 Athenienses
917 2653 988 2704 non
1013 2648 1178 2726 pateren-

127 2756 196 2805 tur:
219 2758 318 2802 naves
341 2737 432 2802 enim
453 2739 530 2804 istas
551 2738 712 2806 frumenti
735 2718 872 2833 quidem
894 2762 936 2806 ex
951 2734 1172 2858 Hellesponto

118 2841 164 2909 11
182 2839 365 2912 Lemnum
377 2840 574 2932 exportandi
600 2842 811 2927 simulatione
834 2867 871 2911 ac
892 2842 1047 2924 nomine,
1077 2859 1173 2910 atre

128 2967 206 3012 vera
236 2941 544 3036 Selymbrianis
578 2945 698 3016 auxilio
717 2939 845 3015 'missas
880 2971 951 3015 esse
982 2943 1171 3027 contendit,

129 3052 204 3144 qui
225 3077 243 3116 a
266 3040 627 3118 seobsiderentur
647 3053 776 3145 “quique
797 3054 836 3120 in
857 3074 1034 3120 commune
1050 3048 1173 3118 foedus‘

126 3156 257 3247 recepti
289 3177 360 3233 non
386 3151 521 3223 fuerint
573 3154 800 3250 selymbriam
820 3180 898 3234 vero
919 3156 1057 3238 urbem,
1080 3155 1173 3221 eius-

25 3266 28 3269 '
129 3256 210 3325 dem
238 3276 338 3351 atque
365 3259 564 3351 Byzantium
591 3262 743 3351 originis,
770 3260 1030 3328 Atheniensium
1059 3282 1173 3352 quon-

108 3359 207 3456 -pdetn
236 3363 361 3429 sociam
387 3363 449 3429 sub
471 3361 609 3458 Olym'p.
633 3364 738 3446 CVII,
760 3364 913 3462 Byzantii
935 3365 1001 3431 sibi
1022 3363 1176 3431 vindica-

128 3481 209 3534 runt
230 3483 312 3534 teste
334 3465 559 3535 Demosthene
591 3471 628 3536 in
659 3493 706 3538 11.
735 3467 778 3534 de
804 3466 963 3537 Rhodior.
985 3466 1098 3536 libert.
1122 3466 1173 3561 (p.

113 3571 227 3660 197),
259 3593 344 3662 qnae
373 3569 488 3639 habita
515 3591 564 3641 est
597 3573 733 3666 Olymp.
757 3570 854 3653 CVI,
882 3571 1116 3659 4111111111,
1144 3597 1172 3639 1.

130 3674 211 3741 Eius
233 3675 338 3767 igitur
371 3673 498 3745 obsidio
529 3675 965 3771 111Β111111111Ρ11111ΡΡ1
989 3675 1174 3768 expeditio-

129 3803 208 3845 nem
229 3779 386 3870 pertinet,
410 3796 521 3872 atque,
545 3774 651 3873 quum
674 3780 811 3874 Olymp.
837 3780 918 3852 CIX
940 3808 968 3848 a.
992 3785 1010 3851 3
1035 3799 1173 3849 exeunte

130 3881 268 3961 demum
288 3881 330 3950 ed
353 3904 445 3950 oram
468 3885 682 3976 Propontidis
705 3884 884 3980 Philippus
905 3887 1174 3979 appropinquas-

100 4075 101 4078 *
130 4004 189 4067 set,
209 3988 347 4054 ineunte
368 4011 447 4053 vero
471 3987 610 4082 Olymp.
635 3989 698 4057 CX
721 4017 748 4057 1.
776 4014 803 4071 1,
826 3993 863 4057 ut
884 3992 994 4059 statim
1008 4007 1174 4056 monstra-

32 4146 34 4153 s
130 4091 253 4172 bimus,
283 4093 387 4184 ipsius
415 4093 481 4160 iam
507 4094 657 4184 Byzantii
688 4093 862 4164 obsidione
888 4098 1021 4183 incepta
1044 4091 1174 4162 bellum
