2594 4672
122 467 213 518 metu
235 464 406 542 correptus
429 448 595 540 effugisset
617 447 750 538 (Aesch.
773 448 910 515 inGtes.
925 471 959 538 p.
983 447 1027 536 76
1041 448 1160 532 med.)3

123 552 337 623 offendebant
362 551 509 643 denique
538 554 639 620 verba
664 555 729 619 καὶ
745 551 825 619 διότι
856 555 992 618 διατελεῖ
1016 551 1161 639 πράττων

122 663 174 726 καὶ
195 659 292 747 λέγων
312 655 332 721 ὅ
353 682 383 722 τι
405 657 444 722 ἂν
466 657 594 743 δύνηται
616 655 749 742 clyditis,
775 654 866 748 quod
887 679 924 721 re
945 679 1032 736 vera,
1056 674 1162 722 trans-

123 784 234 854 gresso
256 762 292 827 in
313 760 428 826 Asiam
449 759 646 842 Alexandro,
668 759 943 850 nequeflorente
966 759 1073 826 adhuc
1095 761 1173 826 Da„

123 868 185 949 rio,
208 859 318 957 neque
347 888 451 954 quum
479 866 673 956 nuperrime
701 891 720 930 a
742 862 1013 930 Lacedaemoniis
1034 863 1162 930 bellum

123 994 186 1062 pro
210 969 362 1035 libertate
390 984 517 1033 motum
544 987 643 1056 esset,
673 965 715 1032 ad
741 967 1005 1058 recuperandam
1027 966 1163 1034 liberta-

124 1093 193 1140 tem
215 1062 506 1162 utile.quidquam
536 1072 659 1136 civitati
683 1072 834 1150 suasisset
859 1072 989 1153 (Aesch.
1012 1073 1050 1138 in
1073 1072 1161 1138 Ctes.

124 1205 158 1270 p.
184 1185 247 1266 77),
271 1173 312 1244 ad
344 1197 431 1261 quae
458 1174 643 1239 Aeschinis·
662 1174 842 1266 opprobria
862 1174 948 1240 nihil
976 1172 1163 1266 quidquam

124 1278 328 1371 respondere
352 1276 626 1356 Demosthenem,
649 1300 728 1343 sune
756 1276 949 1344 mirandum
971 1295 1036 1344 cst.¹
1072 1279 1163 1346 Haec

126 1386 229 1475 igitur
251 1382 362 1448 omnia
393 1405 498 1471 quum
526 1404 594 1447 non
618 1393 710 1447 mera
736 1379 904 1448 calumnia
932 1382 975 1446 ab
998 1382 1163 1449 Aeschine

127 1477 318 1578 exprobrari
345 1482 554 1562 viderentur,
583 1483 711 1576 placuit
732 1493 788 1551 ant
817 1485 1001 1566 iudicibus,
1033 1503 1090 1551 aut
1120 1510 1162 1552 ex

124 1591 277 1656 iudicum
300 1589 462 1653 sententia
483 1588 628 1686 populo,
660 1606 696 1655 ut
718 1587 832 1656 laudes
860 1580 1092 1656 Demosthenis
1114 1590 1164 1655 le-

126 1694 279 1761 nioribus
307 1691 414 1757 verbis
446 1696 765 1783 pronunciarentur,
798 1712 899 1784 quam
928 1712 1011 1784 quae
1040 1695 1163 1786 scripta

92 1792 93 1796 ¹
123 1799 250 1867 'olim'a
273 1796 492 1888 Ctesiphonte
513 1813 591 1861 sunt
613 1815 646 1862 et
656 1797 870 1888 comprobata
892 1790 1053 1884 asenath.
1087 1798 1165 1879 ,lta-

128 1926 194 1994 que
217 1903 374 1967 exstincta
397 1902 433 1964 in
456 1902 571 1991 primis
594 1902 660 1966 sint
680 1901 780 1967 verba
807 1902 857 1979 εἷ’ς-
871 1928 904 1992 τε
925 1887 1166 1987 τόῦςἝλλητας

125 1993 284 2085 ἅπαντας,
315 2027 378 2095 pro
400 2005 617 2092 ἀνδραγαθίας
645 2003 755 2072 lenior
783 2029 851 2072 vox
863 2009 1008 2099 reposita
1029 2006 1165 2073 καλοκά-

123 2112 256 2198 γαθίας,
289 2110 417 2174 omissis
447 2111 546 2174 etiam
574 2110 823 2203 sequentibus:
817 2115 893 2177 καὶ
927 2110 1007 2178 διότι
1035 2114 1170 2179 διατελεῖ
1236 2107 1239 2122 ⁴

125 2214 272 2335 septimane
293 2215 343 2279 καὶ
366 2211 517 2296 λέγων
483 2237 523 2278 τα
546 2211 659 2308 ἄριστα
679 2239 707 2278 κ.
730 2234 763 2280 τ.
782 2220 822 2296 λ.,
848 2233 880 2281 et
902 2222 1070 2283 decretum
1093 2230 1165 2283 'om-

125 2320 209 2383 nino
232 2319 276 2382 ita
306 2318 528 2406 compositum
557 2320 612 2394 sit,
643 2338 681 2405 eo
710 2332 749 2381 ut
775 2328 889 2382 rerum
918 2315 1007 2383 circa
1036 2316 1165 2384 cladem

88 2468 91 2473 -
128 2407 398 2488 Chaeronensem
420 2435 581 2509 gestarum
606 2441 764 2485 memona
778 2445 878 2510 quam
900 2438 1012 2510 posset
1023 2442 1165 2487 maxlme

127 2522 330 2607 aboleretur,
369 2540 402 2589 et
436 2546 521 2614 quae
553 2521 634 2588 inde
662 2524 793 2589 moveri
821 2547 929 2616 posset
959 2537 1166 2592 amoveretur
1220 2545 1222 2550 ·

127 2631 305 2732 suspicio
330 2632 442 2718 Atque
471 2645 634 2706 mutatum
662 2630 709 2694 ita
738 2627 956 2716 προβούλευμα
984 2654 1003 2693 a
1039 2628 1164 2721 populo

128 2727 362 2802 confirmatum
382 2733 539 2818 coniicio.
590 2727 666 2816 Quo
693 2732 779 2800 facto
813 2757 920 2825 quum
950 2756 969 2798 a
997 2734 1167 2801 scribam
1258 2736 1271 2801 J

128 2837 290 2905 tabulario
312 2839 496 2930 repositum
525 2855 622 2919 esset,
655 2835 773 2904 inde
763 2862 800 2903 m
829 2838 1012 2908 orationem
1044 2837 1087 2904 de
1109 2862 1167 2906 co·

125 2966 210 3010 rona
233 2941 422 3026 traductum
443 2965 555 3007 rursus
577 2960 688 3033 pateat
707 2948 777 3010 non
800 2940 1090 3009 aDemosthene
1081 2967 1164 3047 1pso‚

128 3045 198 3114 sed
209 3054 359 3138 tempore
380 3046 568 3138 posteriori.
958 3065 960 3069 ’
1178 3058 1182 3066 ’

216 3151 328 3242 Atque
361 3151 447 3227 hanc
480 3148 580 3217 solam
616 3149 659 3214 de
690 3150 914 3216 monumentis
945 3148 1000 3214 :his
1034 3151 1167 3242 opinio-

127 3280 218 3336 nem,
241 3281 339 3347 quam
354 3254 553 3322 confirmare
575 3254 674 3320 modo
697 3255 807 3322 conati
820 3276 943 3335 sumus,
965 3277 1168 3348 persequen-

128 3360 217 3426 tibus
246 3358 453 3452 deprehendi
485 3360 582 3424 etiam
613 3382 707 3449 posse
737 3359 835 3426 nobis
869 3357 1037 3438 videatur,
1080 3358 1167 3451 quid

127 3466 193 3531 sihi
215 3462 319 3531 velint
341 3465 512 3531 archontes
535 3463 588 3528 illi
608 3460 886 3555 pseudeponymi,
907 3464 945 3528 in
967 3463 1090 3555 quibus
1112 3487 1167 3529 ex·
1250 3453 1253 3460 ¹

128 3567 296 3662 plicandis
320 3586 368 3637 tot
389 3572 537 3636 virorum
560 3567 735 3634 doctorum
746 3591 826 3634 eura
840 3569 1064 3661 sagacitasqoe
1086 3567 1166 3633 hae·

128 3673 232 3740 rebat.
280 3675 369 3756 Quos
392 3673 529 3764 quidem
552 3675 726 3740 archontes
744 3672 787 3737 ad
808 3663 911 3740 annos
934 3672 1165 3764 designandos,

126 3779 242 3870 itaque
264 3782 506 3868 eponymorum
528 3775 601 3844 loco
624 3776 752 3860 afferri,
776 3799 814 3843 eo
838 3801 940 3868 quam
961 3777 1104 3842 maxime
1125 3774 1168 3842 li-

130 3899 225 3972 quet,
249 3880 341 3972 quod
353 3870 504 3946 archonti
527 3881 653 3972 ubique
665 3880 798 3948 additus
813 3899 862 3948 est
882 3882 1006 3950 mensis
1028 3896 1061 3947 et
1083 3879 1165 3962 dies,

103 3971 105 3980 ,
130 4003 240 4077 atque,
263 4009 306 4049 ne
327 3981 479 4075 pluribus
502 3982 610 4050 verbis
633 3984 676 4050 de
697 4008 735 4050 re
755 4009 818 4078 per
837 4009 873 4061 se
883 3982 1060 4053 clarissima
1082 4006 1165 4074 opus
1197 4007 1199 4013 ·

131 4090 187 4171 sit,
217 4090 356 4154 maxime
377 4088 566 4179 perspicue,
581 4087 645 4157 hoe
675 4087 968 4183 pseudeponymus
990 4087 1167 4159 Mnesithi-
