2594 4672
640 236 791 344 gam

196 406 268 474 aliis
290 407 374 495 fieri.
420 408 578 499 Denique
606 409 758 501 opinioni
788 433 865 474 suae
887 406 974 474 nihil
996 405 1127 475 obstare
1150 411 1243 478 Boe-

194 511 313 577 clthius
335 512 505 579 contendit
526 510 560 594 (l.
583 536 611 580 c.
634 538 669 606 p.
693 515 767 604 27),
792 511 884 604 quod
906 512 1082 578 Aeschinis
1106 511 1239 596 libello,

156 642 159 648 ’
197 640 263 706 quo
278 615 530 708 Ctesiphontem
545 619 717 698 accusavit,
740 641 838 682 verus
851 631 900 684 e'st
913 640 1110 707 eponymus,
1122 615 1243 707 ¹Chae-

164 804 167 817 '
198 718 331 801 rondes,
353 719 523 812 praefixus.
569 715 646 787 Nou
676 723 766 786 enim
795 720 893 787 illum
920 721 957 786 in
990 722 1069 786 actis
1104 740 1243 790 senatus

195 885 506 901 unns-a*—

285 1026 345 1104 que
367 966 499 1062 citissime
528 1003 696 1109 Philippum
724 1004 889 1064 adeundum
919 1027 1016 1078 esse,
1029 1004 1114 1086 quod
1145 1021 1243 1066 autern

285 1092 369 1150 etiam
398 1089 527 1149 additur:
559 1084 638 1150 ὅπου
664 1085 703 1150 th
731 1085 807 1151 ὄντα
836 1086 893 1151 τὸν
928 1089 1084 1150 Φίλιππον
1111 1087 1242 1152 πυνθά-

281 1195 411 1251 νωνται,
446 1178 475 1236 iu
509 1199 543 1236 eo
566 1179 659 1237 minus
681 1178 805 1259 aliquem
836 1179 1012 1237 offensurum
1035 1199 1109 1238 esse
1122 1181 1241 1260 opinor,

284 1264 392 1322 etiamsi
412 1263 565 1343 Philippus
587 1279 648 1322 tum
668 1266 729 1344 ipsa
752 1265 780 1322 in
808 1266 929 1323 Boeotia
958 1264 1134 1325 versabatur
1182 1264 1242 1338 lam

283 1371 352 1408 vero
374 1371 474 1431 pacem
496 1350 566 1409 hanc
586 1348 670 1409 brevi
690 1366 755 1431 post
778 1350 887 1410 cladem
900 1351 1136 1411 Chaeronensem
1159 1375 1242 1412 com

284 1434 406 1518 positam
435 1457 496 1496 esse
529 1459 592 1516 cap.
621 1435 664 1495 VI
697 1436 856 1497 docuimus
894 1436 1014 1519 ltaque
1044 1440 1068 1497 si
1103 1438 1141 1498 ad
1178 1461 1242 1499 eam

285 1523 433 1583 decretum
455 1523 528 1595 illud
548 1525 751 1583 Demosthenis
772 1545 804 1583 re
806 1525 929 1600 feratur,
951 1522 1067 1584 decreta
1090 1548 1124 1584 ea
1147 1527 1242 1586 Athe-

188 1670 191 1675 ,
283 1613 327 1670 nis
354 1611 390 1671 sit
422 1607 454 1669 lv
487 1611 527 1690 τῇ
562 1603 671 1693 πρώτῃ
706 1608 863 1696 ἐκκλησίᾳ)
904 1613 935 1670 in
969 1613 1061 1692 prima
1097 1615 1240 1673 concione

283 1699 430 1779 prytaniae
465 1699 598 1756 nimirum
632 1699 747 1773 tertiae,
791 1699 847 1758 hoc
884 1713 927 1758 est
963 1697 1011 1756 die
1048 1714 1240 1780 praeterpro·
1284 1747 1287 1753 .

283 1799 349 1866 pter
382 1782 600 1842 Boedromionis
628 1784 748 1858 XXIII,
788 1799 817 1843 et
850 1783 999 1851 decretum
1033 1786 1240 1846 Demosthenis

284 1870 322 1929 dc
344 1869 474 1930 creandis
503 1871 581 1949 pacis
611 1872 674 1929 iure
701 1869 822 1929 iurando
852 1869 1059 1931 confirmandae
1088 1893 1173 1932 causa
1194 1873 1238 1932 le-

207 1998 209 2000 -
285 1959 356 2037 gatis
376 1957 465 2013 latum
486 1957 522 2013 sit
543 1957 608 2035 ipso
637 1955 756 2014 fortasse
777 1951 990 2017 Baedromione
1020 1975 1157 2036 exeunte,
1186 1974 1237 2018 aut

284 2045 400 2101 ineunte
422 2042 632 2121 Pyanepsione.
677 2039 772 2118 Quod
794 2042 951 2118 decretum,
979 2045 1119 2106 similibus
1138 2044 1234 2105 verbis

285 2145 374 2210 atque
395 2127 468 2186 illud
490 2142 602 2186 senatus
623 2129 785 2192 consultum
808 2129 856 2190 Ol.
875 2125 983 2208 CVIII,
1007 2131 1237 2213 aMunychione

283 2217 323 2275 lll
345 2214 383 2274 de
408 2213 573 2273 maturanda
605 2214 764 2296 legatorum
793 2217 975 2297 proiectione
1001 2238 1021 2276 a·
1040 2219 1233 2278 Demosthene

269 2305 391 2375 'latum‚
426 2323 517 2382 quum
546 2301 601 2360 hoc
623 2304 653 2360 in
675 2304 743 2360 actis
765 2306 825 2364 sive
847 2306 975 2364 actorum
995 2304 1168 2365 collectione
1189 2307 1235 2364 in-

283 2391 382 2449 venire
411 2411 469 2447 non
491 2403 589 2469 posset
617 2389 657 2464 is,
686 2411 702 2447 a
726 2412 786 2471 quo
807 2404 999 2450 ‘monumenta
1023 2391 1146 2472 publica
1170 2413 1235 2467 ora-

283 2477 353 2536 tioni
375 2474 412 2535 de
434 2495 540 2535 corona
561 2479 664 2534 inserta
686 2492 767 2553 sunt,
789 2477 913 2536 eundem
934 2478 1018 2537 huius
1039 2477 1106 2538 loco
1130 2478 1235 2557 substi-

285 2565 372 2621 tuisse
394 2561 584 2643 probabiliter
607 2562 721 2639 dixeris,
754 2566 950 2645 superscripto
972 2579 1067 2624 tamen
1090 2564 1128 2625 de
1151 2565 1236 2625 indu-

285 2650 351 2707 stria
373 2650 507 2706 archonte
529 2649 755 2730 Mnesiphiloet
777 2650 1028 2722 Hecatombaeone
1049 2651 1149 2715 ultimo
1165 2675 1236 2735 pro·

284 2750 350 2814 pter
370 2735 551 2815 Callisthenis
574 2735 722 2795 decretum
743 2737 918 2818 Mnesiphilo
945 2753 973 2797 et
995 2739 1236 2800 Maemacteriooe

285 2820 361 2879 XXI
382 2822 478 2897 latum,
511 2825 624 2904 quippe
647 2822 729 2905 quod
750 2823 859 2904 legatos
881 2845 933 2882 suo
956 2824 1006 2884 illo
1029 2841 1145 2886 senatus
1167 2848 1236 2885 con·

285 2909 362 2971 sulto
386 2910 521 2968 excitatos
542 2925 601 2970 tres
622 2931 732 2968 menses
755 2912 782 2968 in
813 2911 914 2969 itinere
939 2913 1153 2993 consumpsisse
1173 2913 1235 2972 De-

285 2996 454 3058 mosthenes
468 2995 558 3073 dicat,
587 2997 767 3055 Callisthenis
795 3012 890 3056 autem
911 2997 1060 3066 decretum
1082 3021 1150 3058 mox
1169 3014 1235 3080 post

271 3083 399 3146 ,illorum
421 3083 545 3143 Athenas
572 3083 697 3143 reditum
716 3103 777 3143 esse
794 3084 882 3143 latum
902 3085 1067 3151 contendat.
1091 3119 1132 3131 -
1156 3086 1235 3149 Cou-

206 3184 209 3191 “
269 3171 392 3228 iectura
424 3170 494 3234 haec
522 3191 589 3231 sane
618 3186 678 3246 est,
709 3170 762 3231 sed
791 3169 937 3252 adquam
965 3172 1044 3235 haud
1065 3175 1171 3238 invitus
1192 3174 1237 3231 in·

285 3256 379 3324 cliuo„
413 3255 535 3338 Semper
562 3259 694 3330 enimin
728 3255 843 3320 duobus
876 3257 930 3316 illis
964 3261 1156 3319 monumentis
1181 3261 1236 3318 hoc

218 3396 220 3399 .
285 3364 330 3402 me
353 3344 468 3402 omnino
497 3343 681 3409 memorabile
704 3359 837 3426 torquet,
860 3343 946 3426 quod
966 3346 1043 3404 inter
1065 3345 1129 3423 dies
1146 3347 1237 3406 ‘utrise

285 3452 344 3514 que
376 3431 518 3512 praefixos
551 3432 673 3513 spatium
700 3433 727 3490 ei
760 3432 850 3490 simile
880 3446 938 3507 est,
966 3448 1027 3513 quo
1058 3433 1237 3493 Callisthenis

285 3520 433 3576 decretum
460 3518 546 3576 latu'm
580 3539 642 3577 esse
666 3534 739 3599 post
774 3519 932 3600 legatorum
967 3520 996 3578 in
1037 3520 1237 3580 Macedoniam

285 3605 391 3664 abitum
422 3618 517 3662 orator
547 3604 694 3664 contendit
726 3604 762 3662 de
792 3627 851 3663 cor.
885 3628 915 3686 p.
939 3608 1001 3664 235
1025 3621 1055 3664 et
1080 3609 1153 3686 237.
1197 3605 1236 3664 Ita

285 3713 350 3752 sane
374 3693 465 3764 etium,
489 3691 571 3771 quod
594 3714 680 3774 supra
702 3694 744 3771 (p.
774 3687 847 3771 123)
870 3691 1104 3767 coniiciebamus,
1127 3709 1238 3762 etcoo·

286 3781 350 3838 iecit
373 3779 468 3878 Speng
454 3780 543 3836 ⁰elius
572 3800 693 3859 quoque
721 3781 750 3853 (l.
781 3783 827 3852 e),
856 3779 971 3838 ultimus
1002 3781 1050 3838 ille
1082 3780 1238 3840 Hecatom·

285 3867 369 3941 baeo,
393 3868 443 3946 qui
466 3864 583 3923 decreto
613 3865 813 3923 Demosthenis
842 3867 1035 3947 praescriptus
1065 3882 1127 3942 est,
1158 3881 1238 3924 natus

286 3976 348 4014 esse
371 3954 464 4034 possit
494 3973 528 4010 ex
551 3952 589 4032 τῇ
611 3945 720 4032 πρώτῃ
743 3950 942 4037 &titinnius
932 3975 961 4014 ιιι
986 3976 1042 4037 qur
1065 3974 1124 4036 pax
1146 3975 1161 4011 a
1185 3973 1240 4036 po·

284 4042 355 4136 pulo
378 4040 493 4099 decreta
514 4038 623 4098 ibidem
646 4038 758 4098 dicitnr.
