2594 4672
670 237 713 310 ³8.
812 245 824 311 ,’

609 320 769 354 min-¹¹·-

37 466 38 473 ,
169 398 319 480 navalem
339 432 503 502 perquam
518 416 708 500 opportune
728 407 823 473 sitam
835 405 956 490 (Thuo.
978 403 1038 484 IV,
1065 402 1215 490 todire-

168 513 320 597 risimile¹
334 529 383 580 est
394 512 613 581 Athenienses
636 534 772 604 quoque
788 528 938 602 tempore
957 508 1129 578 vindicare
1150 512 1216 578 sibi

170 643 240 696 esse
263 635 407 696 conatos.
453 615 622 685 Continuo
646 616 751 706 igitur
770 615 894 707 partim
915 636 995 685 cum
1016 610 1216 682 Macedoni-

154 724 242 817 bus,
263 723 389 816 partim
417 745 495 788 cum
524 721 607 815 ipsis
630 717 892 812 Amphipolitis,
921 715 1092 785 interdum
1113 720 1216 787 etiarn

168 851 246 896 eum
273 825 458 919 Thracibus
491 824 533 891 de
561 823 645 891 urbe
672 822 734 890 illa
760 821 944 919 decertasse
970 790 1144 905 videntur,
1166 823 1215 890 id

168 932 262 1026 quod
282 927 379 1004 facile
401 926 615 1015 concluditur
637 952 677 996 ex
699 925 811 995 Schol
834 910 877 993 ad
898 926 1017 1006 Aesch.
1034 925 1063 992 l.
1087 950 1128 1009 0.,
1151 929 1214 1020 qui

168 1034 280 1104 clades
301 1032 592 1121 Atheniensium
581 1058 619 1102 ιιι
635 1028 834 1125 Amphipoli
857 1028 1051 1124 occupanda
1062 1049 1213 1122 acceptas

166 1163 289 1216 novem.
311 1139 492 1214 enumerat.
534 1138 697 1229 Amyntas
725 1159 821 1217 vero,
853 1159 914 1201 rex
937 1134 1155 1220 Macedoniae
1177 1151 1221 1202 et·

112 1241 114 1246 ’
165 1262 263 1336 pater
290 1240 460 1334 Philippi,
498 1240 561 1330 qui
593 1238 749 1333 expulsus
777 1240 922 1330 imperio
947 1239 987 1305 ab
1028 1236 1153 1330 Illyriis
1180 1255 1213 1307 et

16 1336 17 1339 '
103 1377 113 1392 ··
169 1345 306 1424 Graecis
329 1342 486 1423 subsidiis
515 1345 685 1423 restitutus
720 1344 833 1427 (Isocr.
858 1341 1068 1422 Archidam.v
1090 1369 1126 1436 p.
1152 1346 1216 1435 189

113 1525 116 1533 ¹
166 1451 303 1541 hang),
331 1445 535 1544 propensam
568 1450 712 1516 maxime
749 1451 788 1522 iu
828 1446 1048 1515 Athenienses
1067 1471 1216 1542 ¹semper

167 1548 372 1631 voluntatem
393 1554 544 1629 servabat
579 1553 714 1644 (Aesch.
743 1551 767 1619 l.
799 1576 827 1618 0.
849 1576 883 1644 p.
907 1553 973 1637 32),
1003 1575 1121 1619 eorum
1143 1576 1215 1619 esse
1282 1591 1284 1595 .

153 1668 155 1675 '
167 1656 394 1753 Amphipolin
411 1657 597 1739 declaravit,
620 1659 736 1747 cisque
748 1672 786 1724 ut
798 1657 1062 1746 recuperaretur,
1076 1653 1214 1748 publice

60 1787 64 1832 i
162 1763 359 1889 proposuit.
382 1760 616 1846 συμμαχίας
581 1785 642 1856 Ιγαρ
663 1760 926 1886 Λακεδαιιιονίιιν
943 1760 998 1824 καὶ
1025 1763 1089 1825 τῶν
1111 1759 1215 1826 ἄλλων

162 1863 319 1962 Ἐλλήνων
349 1865 579 1951 συνελθούσης,
613 1858 713 1940 εἶς’
689 1888 734 1928 ων
765 1860 887 1928 τούτων
911 1861 1136 1989 ᾼμῦντας-
1161 1865 1214 1931 καὶ

167 1971 298 2065 alpem
325 1967 474 2055 σύνεδροι
501 1969 552 2040 καὶ
577 1972 636 2052 τῆς
661 1968 734 2050 καθ’
762 1961 859 2031 uirida
891 1963 1005 2054 ψήφου
1032 1962 1139 2053 κύριος
1169 1965 1214 2034 ὢν

168 2073 273 2167 letto(
270 2094 347 2144 σατο
365 2069 552 2159 Ἀμφίπολιν
572 2068 631 2155 τὴν
647 2068 824 2154 Ἀθηναίων
846 2073 1033 2156 συνεξαιρεῖν
1046 2069 1128 2152 μετὰ
1149 2076 1214 2136 τῶν

168 2175 272 2254 ἄλλων
294 2171 450 2260 Ἑλλήνων
470 2173 660 2267 Ἀθηναίοις.
710 2173 830 2239 Aesch.
864 2201 898 2240 π.
932 2192 1072 2261 noeane.
1098 2199 1135 2266 p.
1169 2175 1212 2242 32

168 2303 214 2356 ιιι.
259 2280 327 2354 Pax
349 2296 382 2346 et
403 2278 531 2360 foedus,
555 2301 703 2370 quorum
724 2277 781 2344 hic
803 2295 915 2345 orator
935 2279 1144 2344 mentionem
1164 2277 1214 2358 sa-¹

170 2385 227 2464 sit,
250 2407 289 2453 ea
311 2384 384 2458 sine
407 2381 510 2452 dubio
533 2400 620 2464 sunt,
645 2375 731 2476 quae
753 2380 889 2475 Olymp.
907 2381 982 2465 CII,
1009 2406 1019 2447 ι
1048 2378 1214 2448 Lacedae-

104 2528 106 2533 ·
168 2488 299 2565 monios
321 2489 419 2564 inter=
433 2505 466 2555 et
481 2477 703 2556 Athenienses
725 2505 919 2578 ceterosque
936 2486 1093 2567 Graecos,
1117 2509 1211 2552 exce-

167 2593 236 2684 ptis
268 2581 456 2671 Thebanis,
471 2591 637 2658 eccidisse
660 2589 762 2658 Diod.
786 2590 821 2658 S.
850 2589 952 2656 refert
980 2588 1063 2670 XV,
1098 2592 1157 2673 50,
1178 2606 1213 2656 et

135 2745 136 2749 ,
170 2690 270 2763 euius.
287 2696 472 2762 accuratior
494 2691 675 2785 descriptio
696 2690 841 2783 petenda
871 2711 929 2760 est
947 2693 1214 2787 eXeuophonte

169 2797 256 2873 Hell.
279 2798 340 2879 Vl,
364 2798 395 2878 3,
422 2799 472 2864 ι8.
515 2794 740 2864 Nihilominus
770 2797 1032 2864 Atheniensibus
1061 2822 1139 2866 mox
1162 2823 1213 2866 ar·

169 2904 234 2985 mis
257 2899 496 2991 decertandum
528 2924 628 2992 super
653 2899 855 2993 Amphipoli
881 2924 966 2978 cum·
985 2902 1027 2969 iis
1049 2920 1130 2983 erat,
1153 2905 1213 2997 qui

169 3026 247 3101 post
269 3002 452 3099 Amyntam
469 3004 611 3098 imperio
625 3004 841 3091 Macedoniae
855 3004 1081 3098 potiebantur,
1104 3004 1213 3075 donec

169 3110 350 3205 Philippus
371 3109 488 3179 fraude
510 3109 614 3202 magis
645 3133 748 3203 quam
776 3112 862 3177 iusto
884 3109 976 3180 bello
1006 3112 1126 3177 urbem
1148 3111 1214 3179 sibi

170 3219 351 3307 obnoxiam
371 3214 532 3285 reddidit.
575 3215 738 3307 Amyntas
772 3215 864 3280 enim
886 3213 1024 3308 Olymp.
1047 3217 1116 3281 iam
1139 3217 1211 3298 Cll,

105 3400 107 3405 ,
143 3412 146 3415 .
170 3323 190 3399 3
212 3322 278 3398 vita,
300 3321 439 3388 excessit
460 3319 574 3408 (Diod.
597 3318 633 3386 S.
655 3319 732 3400 XV,
753 3319 828 3406 60),
844 3317 970 3391 relictis
991 3319 1100 3386 tribus
1122 3318 1214 3402 filiis,
1247 3364 1249 3367 -

75 3465 78 3472 ·
170 3449 318 3518 quorum
343 3421 535 3492 Alexander
560 3439 641 3491 natu
669 3424 830 3492 maximus
858 3448 1002 3517 regnum
1035 3442 1215 3518 paternum

169 3523 325 3633 suscepit,
347 3527 407 3606 sed
428 3547 504 3621 post
531 3551 682 3594 annuum
710 3528 856 3620 spatium
883 3525 960 3598 dolo
992 3529 1214 3621 interemptus
1241 3562 1243 3565 ·

170 3635 290 3714 emisit.
334 3632 528 3711 Successit
519 3633 622 3723 agitur
643 3631 836 3702 interfector
851 3631 1057 3703 Ptolemaeus
1070 3631 1216 3704 Alorites

171 3737 311 3844 Olymp.
342 3737 478 3819 CIII,1
507 3734 624 3827 (Diod.
650 3737 691 3808 S.
716 3739 796 3821 XV,
828 3738 1218 3836 71),quemoccisu1n

170 3843 364 3923 Perdiccas,
404 3844 570 3935 Amyntae
600 3842 765 3911 secundus
794 3840 897 3923 filius,
933 3842 1127 3910 subsecutus
1164 3858 1215 3910 est

172 3946 310 4053 Olymp.
335 3946 432 4029 (illl,
464 3941 495 4046 4.
519 3944 621 4015 Diod.
644 3947 683 4015 S
701 3946 783 4026 XV,
814 3969 865 4036 77.
896 3946 928 4013 Is
950 3944 1098 4038 denique
1120 3963 1214 4036 post·
1261 3936 1263 3940 ¹

172 4077 275 4157 quani
295 4075 360 4156 ιιιι
379 4052 531 4158 quinique
558 4073 664 4127 annos
688 4067 905 4142 regnauerat,
925 4050 1064 4144 Olymp
1095 4049 1168 4130 CV,
1195 4073 1207 4117 ι
