2594 4672
352 1511 937 1602 Prooemiumv

542 1791 751 1813 -v-m

125 1954 319 2046 oratorum
342 1976 547 2047 Graecorum
568 1980 797 2072 interpretatio
828 1995 991 2071 quantum
1019 1978 1169 2070 superio-

123 2083 220 2150 ribus
243 2076 354 2174 aeque
371 2107 409 2149 ac
430 2086 665 2151 recentissimis
689 2085 896 2176 temporibus
918 2101 995 2176 post
1016 2109 1088 2149 eam
1111 2108 1169 2150 cu·

125 2211 201 2253 ram
232 2185 350 2253 relicta
379 2190 440 2269 sit,
471 2212 572 2278 quam
596 2189 705 2280 ¹poetis
741 2190 925 2280 ceterisque
953 2188 1168 2280 scriptoribus
1266 2260 1268 2265 4

124 2289 263 2359 Graecis
293 2306 326 2354 et
354 2289 437 2357 olim
467 2291 653 2382 impensam
682 2315 768 2372 esse,
803 2308 836 2357 et
864 2289 955 2383 apud
975 2315 1036 2359 nos
1059 2291 1169 2358 adhuc

127 2392 295 2487 impendi,
324 2394 502 2484 omnigena
529 2412 596 2460 tam
626 2411 775 2461 veterum
803 2419 904 2486 quarn
924 2397 1171 2471 recentissimo-

125 2521 203 2565 rum
224 2495 450 2564 subsidiorum
473 2500 570 2590 copia
592 2498 698 2580 docet,
722 2500 798 2564 satis
822 2499 945 2588 cuique
960 2516 1170 2588 compertum

126 2620 193 2684 est,
225 2602 284 2693 qui
306 2602 342 2667 in
364 2602 573 2694 peragrando
596 2605 807 2694 antiquarum
834 2601 1020 2668 litterarum
1050 2624 1168 2693 campo

126 2704 169 2771 ad
198 2705 263 2772 hoc
298 2730 434 2798 quoquc
466 2725 640 2773 auctorum
673 2732 776 2798 genus
803 2704 854 2773 vel
892 2707 1014 2773 cursim
1052 2704 1170 2773 dever-

125 2811 213 2877 terit.
265 2810 421 2876 Priorum
452 2810 620 2878 editorum
643 2812 814 2903 principes
839 2810 978 2878 Hieron.
1009 2809 1167 2890 Wolfius‚

125 2911 301 3005 Taylorus,
323 2913 475 2980 Reiskius
499 2939 566 3007 quo
589 2914 689 2981 modo
712 2915 920 3007 provinciam
947 2938 1041 2980 suam
1064 2912 1171 2978 admi-

125 3018 314 3100 nistrarint,
344 3035 509 3110 quantum
539 3019 713 3084 in‘critica
745 3018 957 3110 castigatione
986 3017 1061 3082 aliis
1089 3016 1171 3082 reli-

126 3122 271 3214 querint,
294 3139 460 3215 quantum
479 3123 517 3188 in
536 3121 766 3215 explicatione,
788 3121 979 3188 luculenter
1000 3122 1112 3202 sensit,
1136 3138 1170 3188 et

109 3226 249 3293 *diserte
270 3227 504 3318 pronunciavit
525 3227 562 3292 F.
584 3226 625 3291 A.
648 3224 795 3294 Wolfius
818 3226 855 3291 in
868 3224 1018 3318 Epistola
1039 3224 1081 3292 ad
1092 3226 1171 3292 Rei-

124 3331 227 3410 zium,
250 3330 432 3423 Leptineae
448 3331 724 3398 Demosthenicae
744 3331 933 3422 praemissa.
966 3331 1079 3422 Atque
1093 3344 1170 3421 post

123 3457 294 3500 summum
322 3435 416 3503 hunc
437 3437 653 3528 antiquarum
674 3434 862 3502 litterarum
884 3435 1080 3514 antistitem,
1109 3433 1169 3524 qui

123 3537 255 3630 primus
279 3563 357 3606 cum
379 3538 422 3606 ad
444 3538 726 3621 emendationem,
751 3557 824 3605 tum
845 3536 889 3604 ad
908 3537 1091 3632 perfectam
1114 3560 1170 3602 ex-

82 3658 86 3665 ·
122 3640 338 3734 plicationem
361 3642 502 3711 candide
524 3643 632 3710 facem
653 3642 827 3734 praetulit,
851 3666 1055 3736 quamquam
1076 3641 1171 3706 criti-

124 3771 244 3813 corum
267 3746 443 3838 diligentia
464 3749 570 3839 probe
593 3746 794 3813 satisfactum
821 3765 870 3815 est
896 3746 1062 3813 lectorum
1083 3743 1171 3810 desi·

123 3847 236 3928 deriis,
260 3852 288 3915 si
310 3868 422 3918 tamen
435 3847 478 3916 ad
493 3848 728 3942 intelligendos
744 3869 888 3919 oratores
908 3846 1055 3944 subsidia
1069 3869 1172 3938 quae-

122 3955 172 4020 ris·
193 3953 324 4037 idonea,
347 3955 464 4023 multis
487 3979 541 4023 eos
563 3955 798 4048 intentatisque
817 3953 1068 4021 difficultatibus
1087 3948 1169 4017 adeo

795 4069 815 4129 1
911 4115 914 4126 ,
