2594 4672
585 240 741 345 *ΖΙ*

137 398 285 487 ineunte,
309 400 487 498 antequam
500 407 640 475 Athenis
665 410 707 477 de
730 403 812 503 pace
835 402 1081 504 cnm'Philippo
1095 406 1185 479 com·⁴

136 509 297 604 ponenda
318 513 371 603 agi
386 514 559 602 coepisset.
606 513 724 580 Aesch.
749 513 771 578 l.
796 539 824 580 c.
846 539 881 605 Ρ.
905 514 951 599 45·
965 540 1009 583 m.
1056 516 1184 584 Eodem

136 634 289 706 tempore
313 617 349 680 in
382 614 528 683 Phocide
550 619 768 710 Boeotiaque,
800 618 859 683 ubi
893 614 1017 685 bellum
1036 614 1184 686 'sacrum

137 719 328 812 gerebatur,
365 743 417 786 res
446 721 482 785 in
512 743 551 788 eo
583 737 667 786 statu
701 721 935 802 versabantur,
959 740 1004 788 ‘ut
1033 720 1184 817 Philippi

135 822 286 890 consiliis
313 825 488 890 maximam
511 825 795 918 oppo1tunitetem
823 820 963 892 adferre
981 827 1183 896 viderentur:

81 939 84 946 '
134 927 287 1018 Utraque
309 951 385 1019 pars
407 929 498 994 enim
527 928 745 994 diuturnitate
772 928 853 996 belli
886 932 1042 997 acerrimi
1065 932 1184 998 etham

134 1048 184 1098 sta
206 1032 271 1096 iam
296 1049 366 1098 erat
387 1050 421 1098 et
442 1031 629 1125 defatigata.
669 1033 862 1102 Thebani
852 1060 888 1100 m
911 1037 982 1126 ipsa
1007 1036 1183 1102 Boeotiae

134 1135 364 1221 Phocensibus
387 1137 504 1227 pressi,
529 1139 585 1227 qui
610 1137 881 1221 Orchomenum,
907 1140 1038 1206 Gorsias
1062 1157 1095 1206 et
1117 1140 1183 1208 Co·

133 1264 271 1307 1oncam
302 1239 479 1330 praesidiis
510 1241 723 1322 obtinebant,
758 1260 791 1310 et
824 1243 961 1336 Olymp.
997 1225 1128 1326 CVIII,
1162 1270 1181 1310 a

133 1342 229 1412 clade
253 1343 361 1408 allecti
382 1343 497 1425 (Diods
518 1345 610 1424 XVI,
636 1345 687 1423 56,
712 1348 763 1412 58.
809 1346 981 1414 Demosth
995 1375 1028 1413 π.
1041 1375 1180 1435 paeane.

131 1475 168 1541 p.
192 1448 305 1537 444)
295 1449 361 1539 ipsi
391 1449 459 1513 iam
489 1465 619 1513 externa
647 1446 766 1513 auxilia
797 1452 1055 1541 circumspicere
1086 1476 1181 1544 coge·

130 1555 266 1620 bantur.
312 1552 511 1632 Phocenses,
536 1553 597 1617 etsi
622 1553 721 1617 armis
743 1557 950 1645 superiores,
974 1556 1180 1646 consumptis
1234 1594 1237 1599 ·

134 1674 245 1723 tamen
267 1657 333 1721 iam
356 1655 475 1746 templi
493 1654 661 1736 divitiis,
651 1673 787 1723 rnterse
801 1655 1017 1727 dissidebant.
1059 1659 1179 1726 Aesch.

132 1761 198 1827 l..e
221 1784 255 1852 p
279 1761 320 1845 45
344 1785 388 1825 m.
413 1759 513 1826 Diod.
539 1760 632 1839 XVI,
657 1761 708 1828 56.
754 1767 800 1826 lta
815 1760 896 1826 dum
910 1763 1004 1828 cmm
1027 1781 1180 1885 exparte

130 1865 253 1932 severe
273 1865 419 1958 inceptis
453 1867 521 1932 suis
550 1866 835 1956 opportunitatem
868 1864 1033 1947 videret,
1044 1867 1105 1932 uni
1132 1883 1181 1934 tae

129 1994 210 2035 men
232 1969 407 2036 obstabant
428 1969 664 2049 Athenienses,
694 1965 800 2035 bello
815 1985 886 2035 tum
916 1989 994 2035 cnm
1017 1992 1056 2036 eo
1079 1993 1181 2038 oecu-

130 2074 211 2166 pati,
232 2073 402 2164 iidemque
426 2074 651 2141 Phocensium
673 2074 766 2139 socii.
811 2073 938 2139 Eorum
968 2066 1180 2166 enimp1·ae-=

131 2193 186 2244 tor
208 2178 375 2242 Proxenus
398 2200 476 2241 cum
499 2175 599 2243 classe
622 2175 664 2241 ad
687 2178 832 2256 Oreum,
864 2178 1018 2245 Euboeae
1048 2179 1179 2259 urbem,

130 2278 324 2345 versabatur
353 2279 487 2365 (Aesch.
520 2279 543 2343 l.
573 2304 601 2344 c
629 2306 662 2371 Ρ.
692 2280 734 2363 45
764 2304 809 2345 m.
815 2279 918 2348 coll
940 2282 1112 2350 Demosth.
1143 2306 1177 2374 pt

132 2383 223 2472 389),
246 2379 336 2446 unde
359 2380 457 2448 facile
477 2380 663 2473 praecludi
674 2384 839 2448 transitus
836 2374 1000 2473 poterat,
1026 2385 1063 2450 id
1084 2382 1177 2496 quod

131 2486 281 2553 Oltam
305 2478 449 2565 GVll,1
440 2486 671 2578 1Philippus
687 2502 838 2576 expertus
868 2501 938 2552 eret
959 2495 1015 2569 (v
993 2505 1176 2580 suprac.

128 2598 165 2671 Η,
188 2590 236 2678 6),
259 2591 288 2655 si
307 2591 496 2682 petiturum
511 2615 545 2656 se
567 2610 659 2660 oum
656 2591 805 2658 exercitu
820 2588 1063 2682 Thermopylas
1074 2592 1179 2659 Athe
1206 2595 1208 2598 ’

128 2697 259 2762 aienses
280 2696 537 2787 comperissent,
561 2713 661 2786 atque
689 2698 730 2762 50
746 2695 935 2760 triremium
957 2695 1096 2763 classem
1117 2723 1177 2789 pa·
1201 2698 1204 2703 ’

128 2814 233 2866 ratam
254 2798 477 2867 Athenienses
498 2798 677 2878 habebant,
700 2789 738 2862 ut
760 2801 789 2865 si
812 2799 895 2891 quid
921 2800 1088 2868 eiusmodi
1116 2801 1177 2867 fie-

126 2921 195 2984 ret,
225 2903 388 2968 continno
404 2900 634 2995 impediretur
655 2903 768 2987 (ilem.
799 2930 832 2970 π.
863 2926 1003 2991 ueneno.
1019 2922 1061 2994 p.
1085 2904 1174 2993 444).

126 3008 177 3073 Ea
200 3005 243 3071 de
265 3030 361 3072 causa
382 3028 502 3097 paoem
523 3007 588 3072 sibi
612 3030 690 3071 cum
711 3006 976 3074 Atheniensibus
996 3006 1177 3074 conciliare

126 3109 272 3202 optabat.
298 3110 413 3176 ‘Deme
437 3109 460 3175 l.
482 3133 512 3176 c.
534 3133 569 3200 p.
591 3109 666 3194 64²¹·
698 3111 794 3200 'ipsis
815 3133 894 3177 vero
911 3109 1174 3179 Atheniensibus

124 3213 213 3281 nihil
235 3230 309 3280 tum
330 3215 596 3306 temporis-pace
610 3213 790 3305 exoptatius
812 3231 893 3280 erat
928 3213 1072 3293 ,Bellum
1085 3209 1177 3281 enim

124 3317 169 3385 de
191 3309 391 3412 Amphipoli
418 3334 452 3384 et
478 3318 637 3408 segniter,
668 3333 702 3384 et
733 3316 778 3384 ob
807 3341 881 3383 eam
909 3318 1016 3410 ipsam
1044 3340 1175 3387 causam

123 3420 354 3490 infelicissime
384 3423 430 3488 ab·
461 3420 509 3488 eis
544 3421 738 3513 gerebatur,
755 3419 841 3488 -mm
874 3421 968 3514 qaod
995 3442 1175 3516 apparatus

123 3542 323 3620 opportuno
350 3522 509 3618 tempore
532 3526 654 3592 instrui
683 3545 766 3594 non
783 3526 940 3619 poterant
965 3528 1076 3610 (Dem.
1099 3527 1121 3593 Ι.
1144 3552 1172 3596 c.

122 3649 157 3724 Ρ.
182 3635 259 3722 387)
280 3627 343 3722 per
364 3631 516 3722 inopiam
538 3647 572 3696 et
592 3632 815 3722 perniciosam
834 3632 1049 3722 hierarchiae
1071 3635 1174 3699 ratio-

122 3760 212 3816 nem,
236 3757 304 3826 qua
325 3728 369 3800 de'
389 3757 428 3800 re
449 3735 603 3801 oratioue
617 3732 693 3800 iam
715 3732 789 3801 adv.
809 3734 963 3829 Philipp.
988 3743 1056 3803 l'et
1077 3754 1171 3804 oratt.

124 3837 265 3932 Olynth.
289 3836 530 3904 Demosthenes
554 3841 790 3931 conqueritur,
819 3853 890 3907 tuni
921 3842 965 3908 ob
993 3842 1175 3933 imperato-

124 3967 201 4011 rum
234 3943 434 4034 pravitatem
463 3941 596 4023 (Aeseh.
612 3980 613 3984 =
628 3963 661 4011 π’.
684 3942 824 4032 nachan.
857 3944 1174 4036 p.··37)·1'Everse
1206 3951 1208 3954 ’

126 4047 280 4139 Olyntho
312 4066 427 4115 omnes
456 4068 573 4116 eorum
593 4044 657 4114 illis
688 4051 726 4116 in
747 4048 1045 4140 regionibussocii
1067 4050 1174 4119 inter·
