2594 4672
611 365 614 372 ,
651 269 805 369 ..stu

212 434 279 499 iam
301 448 375 497 ante
398 447 528 522 captam
545 428 715 510 Elateam,
744 434 875 523 itaque,
906 454 942 496 ex
963 435 1085 501 nostris
1107 412 1251 505 rationi·¹

210 536 284 614 hus,
307 551 464 599 autumno
488 535 554 600 iam
573 533 714 626 Olymp.
738 534 814 615 CX,
846 559 866 600 2
893 535 931 600 in
953 535 1249 628 Amphissensium

213 657 336 704 terram
357 638 521 719 invasisse,
543 637 759 730 hibernisque
782 655 850 705 tum
880 639 971 730 apud
993 641 1250 732 Amphissenses

210 741 315 823 factis,
337 743 448 834 primo
470 765 545 806 vere
569 740 705 832 Olymp.
731 742 809 823 CX,
838 766 857 806 2
888 743 1027 834 propius
1053 767 1166 811 versus
1188 749 1252 816 At«

210 847 310 912 ticam
346 846 485 910 movisse
508 843 701 938 Philippum
734 863 930 926 statuamus,
960 847 1072 912 omnia
1102 847 1248 918 obstant.

213 951 326 1031 Quum
348 950 438 1013 enim
461 947 636 1039 Philippus
658 950 762 1015 socios
778 973 858 1023 suos
885 948 1187 1039 Peloponnesiacos
1212 954 1250 1020 in

211 1050 358 1120 Phocide
381 1053 558 1117 convenire
581 1076 693 1118 secum
716 1053 853 1134 iuberet,
883 1077 946 1146 per
968 1053 1155 1120 Phocidem
1177 1081 1251 1121 ma-

114 1184 119 1199 ·
210 1155 328 1223 nifesto
351 1154 488 1222 tendere
521 1155 674 1221 adversus
705 1158 955 1248 Amphissenses
978 1181 1036 1222 seu
1058 1156 1250 1225 Athenien-

211 1284 260 1326 ses
309 1259 536 1326 constituebat.
605 1259 653 1327 Ut
686 1279 794 1326 autem
835 1260 1016 1328 Phocidem
1062 1261 1250 1345 invaderet,

180 1398 186 1405 ·
211 1346 485 1430 traiiciendae·'ei
512 1381 619 1444 erant,
650 1381 811 1457 occupata
841 1367 1027 1432 Locrorum
1049 1364 1251 1456 Epicnemi-

211 1467 350 1534 diosum
368 1485 465 1546 terra,
490 1465 661 1533 Cnemidis
689 1469 811 1535 montis
834 1468 1011 1560 angustiae,
1035 1468 1250 1560 occupanda-

210 1595 275 1664 que
297 1572 404 1638 etiam.
417 1564 512 1652 urbs,
541 1573 586 1638 eis
608 1573 803 1658 imminens,
837 1571 949 1639 Elatea
976 1579 1016 1655 (v.
1040 1570 1149 1638 Strab.
1184 1575 1248 1640 IX.

208 1701 243 1769 p.
265 1675 340 1761 418.
363 1674 440 1778 424
455 1674 550 1772 Cas).
596 1675 743 1742 Elateam
770 1699 847 1743 vero
870 1674 1047 1768 Philippus
1071 1680 1250 1769 occupavit

155 1810 163 1823 ’
209 1778 321 1846 medio
345 1753 481 1844 demtim
502 1778 917 1871 SciropholioneOlymp.
934 1780 1049 1859 CX‚2
1030 1781 1116 1867 2.(v
1133 1782 1248 1867 infra),

210 1906 277 1975 quo
300 1883 384 1949 facto
407 1882 625 1948 Athenienses
648 1881 804 1949 ducentas
826 1908 923 1951 naves
944 1901 1057 1975 petere
1079 1885 1248 1954 Thermo-

164 1986 168 1993 *
208 1987 335 2080 pylas
325 2002 491 2052 iusserunt
524 2009 563 2050 ex
593 1984 725 2053 decreto
757 1988 990 2055 Demosthenis
1023 1988 1081 2073 (de
1111 2012 1177 2055 cor.
1206 2015 1243 2081 p.

211 2095 276 2180 289
297 2095 362 2182 sq.)
385 2113 423 2155 eo
446 2091 608 2154 nimirum
631 2089 799 2173 consilio,
815 2109 852 2157 ut
872 2092 1068 2183 Philippum
1088 2116 1105 2156 a
1127 2092 1244 2158 Macc-

210 2194 311 2262 donia
334 2193 571 2286 Thessaliaque
595 2191 815 2262 excluderent.
860 2198 1032 2262 Praeterea
1045 2195 1243 2263 Demosthe-

210 2324 269 2366 nes
302 2297 500 2391 Philippum
528 2292 582 2364 ea'
593 2295 801 2364 simulatione
831 2298 1040 2365 descendisse
1071 2303 1107 2365 in
1138 2298 1255 2367 Grae.-

209 2406 297 2471 ciam
319 2402 410 2482 dicit,
432 2428 469 2469 ac
491 2405 519 2468 si
543 2402 738 2469 Cirrhacam
767 2405 937 2493 regionem
959 2405 1123 2495 petiturus
1147 2424 1244 2487 esset,

60 2513 63 2519 '
101 2592 106 2597 ·
209 2507 269 2574 sed
302 2508 416 2574 Locris
450 2505 684 2597 Cirrhaeisque
718 2499 957 2574 valedicentem
990 2531 1025 2572 ex
1055 2509 1245 2598 ,improviso

207 2610 355 2678 Elateam
392 2604 569 2700 occupasse
602 2610 783 2698 (παρελθὼν
824 2609 866 2688 ὡς
904 2615 951 2677 ἐπὶ
984 2611 1041 2696 τὴν
1073 2613 1243 2700 Κιρῥαίαν,

207 2715 365 2801 ἓρῥῶσθαι
394 2712 518 2799 φράσας
544 2713 643 2778 πολλὰ
670 2717 719 2778 καὶ
748 2715 915 2803 Κιρῥαίοις
941 2718 991 2781 καὶ
1020 2717 1164 2800 Λοκροῖς
1185 2717 1246 2802 τὴν

202 2816 361 2884 Ἐλάτειαν
392 2813 621 2898 καταλαμβάνει
650 2814 691 2881 de
722 2840 789 2883 cor.
812 2844 846 2909 p.
870 2819 964 2907 278),
996 2819 1059 2884 hoc
1082 2836 1141 2899 est,
1164 2844 1244 2885 vera

206 2922 403 3013 Philippum
416 2918 554 2985 consilia
567 2943 626 2984 sua
641 2923 798 2988 continuo
814 2922 1013 3012 patefecisse,
1038 2947 1143 3013 quum
1166 2922 1245 2988 Ela-

205 3045 292 3094 team
315 3026 497 3118 occuparit,
523 3024 648 3116 quippe
671 3049 737 3116 qua
760 3043 917 3117 occupata
946 3029 1018 3090 sine
1042 3023 1109 3090 ullo
1134 3027 1244 3118 impe-

207 3131 355 3197 dimento
385 3154 447 3220 per
478 3127 661 3194 Phocidem
687 3131 857 3195 Boeotiam
891 3130 1065 3220 ipsamque
1094 3131 1243 3209 Atticam

204 3233 360 3301 invadere
404 3236 561 3324 potuerit.
625 3234 783 3324 Denique
823 3230 1012 3298 simulatum
1054 3231 1152 3298 illum
1190 3259 1243 3300 ex-

204 3336 384 3431 peditionis
408 3337 510 3402 finem
537 3359 607 3403 non
633 3361 769 3430 prorsus
799 3362 818 3401 a
845 3333 1003 3426 Philippo
1035 3335 1239 3426 neglectum,

205 3440 264 3510 sed
286 3457 412 3531 gestum
436 3463 471 3504 ex
493 3449 586 3532 parte
608 3440 733 3506 bellum
766 3462 835 3505 esse
858 3440 956 3504 etiam
978 3438 1133 3506 adversus
1157 3442 1239 3506 Am·

203 3546 407 3640 phisseuses,
444 3561 587 3609 attamen
627 3563 704 3636 post
722 3562 724 3568 ·
745 3543 893 3609 Elateam
936 3541 1078 3624 deinum⁴
1107 3561 1239 3636 captam

204 3650 298 3722 brevi
321 3663 500 3738 antequam
521 3647 673 3714 Thebani
697 3673 773 3714 cum
795 3646 1053 3713 Atheniensibus
1082 3647 1125 3712 ad
1138 3713 1140 3717 ,
1154 3647 1237 3719 lines

177 3757 180 3763 ’
204 3754 357 3847 Boeotiae
379 3752 585 3832 1estitissent,
609 3775 669 3817 nos
693 3753 801 3818 statim
823 3750 1027 3818 docebimus.

292 3859 384 3941 Quae
416 3878 520 3944 quum
538 3856 594 3920 ita
615 3857 699 3935 sint,
732 3878 937 3946 consequens
960 3875 1024 3936 est,
1047 3872 1085 3920 ut
1107 3830 1239 3949 Philip-

202 3989 268 4057 pus
289 3957 554 4051 Elaphebolione
578 3955 712 4023 demum
738 3982 856 4026 mense
886 3962 922 4025 in
946 3959 1155 4025 Graeciam
1145 3984 1238 4025 mra-

203 4069 303 4152 sisse,
334 4082 423 4134 certe
452 4085 490 4131 eo
526 4084 639 4128 mense
674 4061 825 4130 Locridis
859 4062 1059 4157 quibusdam
1095 4063 1236 4131 urbibus
