2594 4672
569 202 742 364 Aa...

142 451 178 495 se
198 425 334 520 publice
357 445 427 496 acta
448 427 528 508 sint,
558 448 622 517 per
643 444 786 519 quatuor
808 426 914 520 capita
936 444 1081 511 enarrat,
1094 432 1185 514 arti*-

141 531 255 599 ficiose
277 554 353 596 cum
376 531 530 596 universa
544 529 694 598 oratione
708 548 870 612 contexta,
893 533 1056 624 usquead
1070 536 1182 627 prima

139 653 217 727 post
238 632 371 700 cladem
392 633 664 703 Chaeronensem
684 650 850 729 tempora,
884 658 903 700 e
936 636 1058 727 quibus
1085 663 1183 706 causa

53 767 56 777 ·
141 736 354 839 Gtesiphonti
377 737 418 803 ab
438 736 605 805 Aeschine
627 733 716 804 dieta
737 754 771 805 et
791 740 863 832 ipsa
883 737 965 805 haec
981 740 1182 810 Demosthe·
1223 812 1225 817 ,

139 843 194 909 nis
215 841 321 921 oratio
344 841 509 931 originem
530 843 629 932 cepit

146 1076 165 1099 -·
194 1058 197 1065 '
224 1051 468 1145 Atque'prima
488 1075 565 1145 pars
588 1052 806 1120 enarrationis
818 1053 856 1118 in
866 1052 959 1120 brevi
974 1051 1035 1120 illo
1050 1071 1177 1146 tempo-

135 1157 183 1222 ris
204 1157 310 1246 spatio
331 1173 491 1238 versatur,
514 1155 607 1249 qnod
628 1159 718 1223 inter
737 1158 883 1250 primam
901 1157 992 1250 pacis
1015 1156 1174 1250 Philippo

136 1259 486 1327 eumzntheniensibus
497 1259 747 1353 componendae
757 1263 948 1352 pactionem
959 1278 992 1327 et
1000 1261 1177 1328 Phocensis

134 1363 224 1456 belli
235 1363 344 1430 ,finem
364 1365 614 1458 vindictamque
632 1364 674 1431 de
693 1365 920 1432 phocensibus
938 1383 1104 1457 sumptam
1118 1366 1178 1434 de-

134 1468 243 1554 fluxit,
253 1475 315 1552 (on-
330 1466 373 1535 de
388 1492 456 1536 cor.
469 1494 504 1561 p.
519 1471 707 1560 air—adp
721 1468 773 1536 ed.
791 1469 926 1556 haiala).
970 1468 1086 1535 Altero
1101 1468 1176 1538 loco
1226 1497 1228 1503 ·

135 1569 177 1639 de
193 1575 234 1639 iis
257 1591 368 1641 orator
386 1572 529 1654 disserit,
552 1599 638 1668 qnae
660 1591 810 1666 tempore
832 1574 925 1663 pacis
946 1587 1036 1637 actae
1052 1588 1177 1641 tentata

134 1695 168 1744 et
180 1693 377 1772 :perpetrata
399 1702 418 1744 a
439 1677 601 1769 Philippo
624 1678 708 1756 sint,
738 1700 823 1767 quae
849 1675 890 1740 ab
912 1674 1176 1744 Atheniensibus

134 1780 288 1849 adversus
311 1778 449 1869 callidas
471 1780 625 1869 Philippi
647 1795 783 1846 conatus
806 1795 973 1869 suscepta,
1003 1781 1176 1872 usquead

131 1886 396 1976 redintegratum
426 1881 565 1974 Olymp.
597 1881 676 1962 CX,
707 1887 728 1948 v1
767 1881 897 1949 bellum
925 1900 958 1949 et
987 1881 1174 1950 Athenien-

130 1991 218 2057 sium
244 1983 496 2080 expeditionem
519 1987 757 2078 Byzantiorum
796 1984 916 2055 auxilio
953 1988 1087 2054 missam
1122 1991 1171 2082 (p.

130 2092 349 2182 247—.263);
371 2093 470 2158 tertio
500 2091 609 2183 capite
631 2109 829 2158 enarrantur
858 2115 913 2171 ea,
945 2093 1068 2184 quibus
1092 2117 1178 2161 con-

129 2213 240 2265 tracta·
257 2213 310 2264 est
326 2193 428 2261 altera
449 2193 602 2286 Philippi
624 2197 662 2262 in
677 2193 852 2263 Graeciam
873 2197 1057 2288 impressio,
1080 2199 1172 2264 The-

96 2380 98 2387 ,
128 2303 295 2369 banorum
317 2298 671 2367 cumAthcnienaibus
693 2297 820 2382 foedus,
842 2297 970 2369 bellum
994 2326 1171 2369 commune

128 2405 166 2472 in
182 2405 312 2473 :linibus
333 2405 490 2472 Boeotiae
519 2423 660 2498 gestum,
687 2429 792 2498 nsque
815 2403 1047 2480 ad·concisam
1076 2405 1171 2472 clade

130 2510 359 2578 Chaeronensi
388 2509 550 2601 Graeciae
572 2502 760 2591 libertatem
782 2516 827 2601 (p.
849 2511 1055 2600 aya-303).
1100 2511 1170 2575 De-

126 2619 233 2708 nique
252 2614 332 2686 inde
361 2622 386 2679 a'
401 2639 436 2705 p.
459 2616 524 2703 309
554 2637 672 2680 corum
699 2612 810 2705 aliqua
831 2614 1071 2681 Demosthenes
1099 2638 1169 2680 mc-

125 2737 245 2806 mouat,
268 2743 355 2810 quae
376 2715 545 2811 proelium
568 2715 802 2784 Chaeronense
830 2719 990 2785 continuo
1013 2718 1169 2783 subsecu-

125 2843 160 2893 ta
190 2830 278 2891 aunt.
341 2822 470 2913 Hisque
505 2821 657 2898 terminis
697 2821 948 2913 eircunncripta
984 2846 1021 2887 ea
1052 2845 1167 2887 rerum

125 2930 291 3021 gesthlnm
311 2934 389 3019 pars
412 2943 478 3008 est,
509 2949 590 3018 quas
615 2943 656 3015 ut
677 2924 721 2991 ad
749 2949 842 2992 suam
870 2925 1079 3018 reipublicae
1109 2924 1167 2993 ad-

59 3080 61 3085 *
123 3030 634 3126 ministrationempertinentes
657 3028 776 3097 ordine
799 3025 945 3120 quodam
966 3028 1167 3099 Demosthe-

123 3139 193 3206 nes:
205 3136 324 3205 refert..
352 3132 558 3228 „Alia-quae
579 3151 714 3228 praeter
735 3132 890 3203 ordinem
912 3150 1020 3201 tuma
1041 3134 1167 3203 Demo-

121 3242 240 3311 sthene
272 3240 345 3331 ipso
372 3238 431 3307 hic
462 3237 537 3311 illic
566 3241 726 3320 citantur,
764 3228 836 3306 tum
870 3238 912 3303 in'
939 3238 1166 3305 monumentis

100 3344 270 3441 ¹publicis
291 3332 560 3423 locum‘hahem,
582 3344 760 3409 maximam
781 3358 912 3434 partem
933 3356 1009 3407 ante
1019 3341 1167 3432 primam

122 3474 244 3544 pacem
271 3447 498 3517 Athenienses
516 3447 611 3513 -inter
647 3463 681 3512 et
716 3444 915 3539 Philippum
945 3447 1167 3536 compositam

120 3551 315 3622 collocanda
334 3571 424 3637 sunt,
446 3572 514 3647 quo
536 3565 688 3644 tempore
708 3552 745 3616 in
768 3549 910 3617 Graecia
929 3546 1060 3616 bellum
1077 3551 1166 3619 Pha-

119 3683 219 3726 eenae
232 3675 361 3749 gestum
378 3668 436 3737 cat,
453 3672 486 3722 et
498 3653 673 3748 Philippus
687 3640 725 3720 in
736 3655 931 3746 regionibus
944 3653 1163 3721 Macedoniae

119 3764 240 3831 vicinis
262 3786 341 3829 cum
361 3759 511 3829 barbaris
542 3777 576 3826 et
605 3759 741 3825 Graecis
764 3757 949 3842 civitatibus
978 3783 1040 3850 per
1061 3759 1162 3824 maris

112 3867 224 3958 'Aegei
245 3887 338 3932 oram
360 3866 450 3945 sitis,
481 3863 812 3952 Atheniensibusque
845 3863 881 3927 iu
910 3860 1053 3929 Thracia
1083 3883 1162 3926 con-

121 3971 222 4039 tinuis
252 3965 348 4037 bellis
381 3968 617 4060 occupabatur.
662 3965 795 4033 Praeter
824 3966 904 4034 haec
935 3964 1081 4056 denique
1108 3988 1162 4031 re-
1225 4041 1227 4045 ⁸
