2594 4672
530 284 687 390 js-

86 453 316 546 chinumqui
340 451 518 521 Charetem
540 452 694 521 adversus
716 454 938 549 Amphipolin
961 455 1003 521 ab
1025 457 1127 524 Athe-

21 601 24 607 ·
85 556 259 624 aiensibus
281 558 437 639 missum,
471 582 577 651 quum
606 556 650 632 ad
676 557 790 642 Chios,
811 557 959 627 Rhodios
981 557 1129 654 aliosque
1211 635 1214 644 ,

24 735 25 739 Ἰ
85 664 395 752 socio's‘oonversus
408 662 541 728 ‘iniuria
571 684 628 729 eos
650 679 837 751 arctasset,
869 664 1026 731 excitasse
1053 665 1129 733 bel-

82 764 155 832 lum
185 763 305 842 sociale
329 764 441 832 refert.
486 765 546 832 His
578 767 682 860 igitur
704 766 831 833 cunctis
853 762 896 831 de
921 769 1027 835 causis
1050 768 1129 837 Chii

84 895 163 937 eum
185 869 323 938 Rhodiis
357 870 591 962 Byzantiisque
618 869 736 938 foedus
770 867 923 965 adversus
945 872 1129 961 Athenien-

83 998 136 1042 ses
166 975 335 1056 inierunt,
372 992 590 1068 exortumque
622 973 751 1042 bellum
779 973 861 1041 inde
888 992 937 1045 est
966 979 1127 1046 continuo

81 1096 160 1172 post
182 1096 380 1146 transactam
406 1076 554 1146 feliciter>
582 1079 624 1146 ab
654 1079 914 1146 Atheniensibus
945 1080 1128 1173 expeditio·

81 1207 164 1250 nem
186 1182 433 1264 Euboeensem,
463 1183 556 1275 quod
583 1182 680 1251 facile
706 1182 917 1252 concluditur
939 1207 979 1249 ex
1001 1185 1128 1253 Demo·

80 1288 210 1356 athenis
234 1304 315 1354 orat.
338 1288 378 1352 in·
397 1284 557 1355 Aristocr.
589 1305 627 1380 p.'
646 1290 726 1378 677,
746 1289 836 1378 678,
862 1288 938 1354 680.
984 1290 1127 1359 Missum
1207 1275 1209 1279 ἵ

83 1394 275 1459 euim'tnm
299 1399 416 1459 orama
447 1390 550 1458 refert
579 1392 755 1459 Charetem
782 1394 819 1457 in
840 1388 1046 1484 Hellesponti
1072 1383 1127 1461 r'ea

81 1497 209 1588 gionm,
232 1480 271 1562 u't
295 1495 477 1590 Chabriam
498 1496 536 1561 in
560 1495 759 1563 Chersonesi
781 1497 925 1586 imperio
948 1497 1127 1589 exciperet,

81 1625 169 1695 quos
187 1602 299 1679 statim
310 1618 388 1693 post
404 1600 749 1693 Euboeam'pacatam,
766 1597 902 1691 Olymp.
920 1593 993 1681 CV,
1008 1602 1039 1681 3,
1062 1602 1130 1667 im-

78 1721 250 1798 peratores
266 1704 411 1774 delectos
433 1705 471 1770 in
488 1704 614 1770 Chium
626 1701 778 1770 insulam
803 1703 1059 1795 impressionem
1078 1705 1145 1773 se·-

81 1810 163 1877 cisse
177 1804 347 1876 Diodorus
363 1809 398 1878 S.
415 1824 529 1882 namet
543 1807 566 1874 l.
581 1807 673 1889 XVI,
689 1830 732 1897 7..
750 1808 914 1874 Mansisse
928 1825 1038 1874 autem
1055 1807 1135 1881 bel·,

78 1911 153 2006 lum
180 1903 389 2006 hunricum
421 1912 545 1980 sociale
557 1940 562 1961 ·-
579 1929 735 1993 vocatur,
770 1912 834 1978 sub
863 1909 1057 2002 Agathoclis
1092 1928 1128 1979 et

78 2017 258 2111 Elpinicae
280 2017 491 2099 archontum,
518 2014 556 2083 id
584 2033 633 2082 est
654 2015 792 2109 Olymp.
814 2015 895 2098 CV,
911 2013 946 2100 ἰ4
968 2031 1002 2081 et
1034 2014 1128 2098 cv1,

83 2144 121 2203 1,
144 2112 282 2223 Diohy's.
305 2121 379 2188 llal.
403 2121 529 2188 scribit·
539 2111 586 2187 ‘in
614 2122 694 2213 Lys.
720 2145 772 2187 nr.
805 2122 858 2189 13·
877 2117 1036 2186 -Bellum
1063 2118 1131 2186 'ad-=

69 2238 174 2291 -versa
199 2212 333 2290 lbrtunh
351 2214 396 2289 ab
409 2216 676 2299 Atheniensibus
699 2241 830 2314 gestum
842 2232 927 2290 'ea't¹
954 2222 997 2288 V.
1021 2224 1123 2292 Isocr.

80 2325 273 2418 Symmaoh.
310 2352 345 2418 p.
381 2329 456 2416 257.
488 2329 591 2418 Lang.
648 2328 750 2394 Initio
784 2328 1000 2394 statimeins
1035 2329 1129 2394 Cha

76 2431 189 2512 brias,
219 2432 402 2522 imperator
432 2428 687 2510 celeberrimus,
710 2431 748 2495 in
778 2429 1004 2522 oppugnanda
1035 2431 1122 2500 Chio

76 2535 271 2614 succubuit,
301 2559 405 2627 quem
433 2551 635 2625 exceperunt
660 2532 841 2627 Iphicrates
863 2550 897 2599 et
918 2533 1125 2604 Timotheusa
1173 2548 1174 2555 ’

75 2641 272 2706 Devastatae
294 2636 419 2704 deinde
440 2655 518 2712 sunt
540 2638 749 2729 gravissimae
775 2637 1034 2705 Atheniensium
1056 2635 1122 2704 illis

76 2743 271 2837 regionibus
292 2741 431 2822 insulae,
455 2743 619 2827 Lamnus,
648 2743 795 2823 Imbrus,
810 2741 939 2826 Samus
962 2741 1121 2834 eliaeque.

78 2846 221 2914 Gravior
240 2869 364 2940 pugna,
388 2846 701 2939 quamfflconflicturi
722 2863 799 2938 post
824 2847 958 2938 utrique
981 2847 1017 2911 in
1040 2845 1136 2934 Hel?

75 2949 228 3043 lesponto
259 2968 370 3033 erant,
399 2951 647 3047 refragantibus
677 2950 847 3044 Iphicrate
874 2942 1120 3041 Timotheoqtie

75 3072 216 3148 propter
235 3057 304 3122 vim
327 3058 530 3147 tempestatis
552 3055 661 3122 subito
686 3071 827 3133 exortae,
851 3053 1038 3120 intermissa
1061 3071 1118 3133 est,

77 3158 154 3241 Quo
177 3157 263 3232 lacto,
290 3162 426 3228 remotis
452 3183 514 3251 per
537 3158 688 3225 Charetis
718 3158 963 3224 accusationem
993 3157 1034 3222 ab
1056 3159 1120 3224 im-

74 3261 164 3355 perii
198 3288 338 3330 munere
367 3263 548 3330 Timotheo
584 3264 618 3330 et
646 3259 829 3355 lphicrate‚
866 3260 989 3329 Chares
1017 3263 1119 3329 totius

75 3365 188 3433 classis
210 3387 401 3458 praeturam
423 3366 562 3458 adeptus
584 3375 650 3434 est?
708 3366 807 3459 Isque
827 3365 934 3432 missis
950 3367 1119 3458 Byzantiis
1155 3451 1157 3456 Ι
1200 3424 1202 3427 ,

74 3470 172 3537 Chiis
200 3489 233 3537 et
257 3470 397 3538 Rhodiis
426 3471 590 3539 Artabazo
618 3494 672 3552 se,
699 3471 760 3563 qui
788 3497 807 3536 a
836 3489 914 3563 rege
943 3468 1119 3537 Persarum

74 3573 257 3656 defecerat,
286 3576 448 3643 universis
484 3599 560 3642 cum
594 3575 699 3688 copiis
730 3576 928 3667 aggregavit.
969 3574 1044 3665 Hac
1075 3571 1119 3639 de

74 3702 174 3749 causa
217 3676 427 3771 indignatum
448 3702 562 3770 regem
575 3678 832 3748 Atheniensibus·
849 3669 1024 3745 illaturum
1044 3676 1120 3743 bel·

72 3781 146 3849 lum
169 3805 258 3864 esse,
286 3807 402 3852 rumor
429 3781 566 3853 ferebat
611 3782 686 3865 Quo
707 3776 876 3876 perterriti
896 3774 1147 3872 Athenienses

72 3885 203 3954 bellum
249 3909 328 3952 cum
372 3884 594 3954 delectoribus
644 3888 806 3954 continuo
846 3900 1116 3979 composuerunt

75 3990 216 4085 Olymp.
240 3989 332 4073 CVI,
358 4014 385 4057 1.
407 3990 472 4077 IV.
493 3988 595 4058 Diod.
618 3986 651 4059 S.·
673 3985 767 4073 XVI,
789 4007 827 4060 at
854 4000 889 4057 et
909 4011 962 4083 aa.

493 4159 703 4184 Μ

526 4265 528 4270 .
746 4149 822 4268 ν)
