2594 4672
551 234 708 337 “Q

272 630 275 637 Ι
328 510 556 636 Caput
601 552 975 643 quartums·
1030 624 1033 638 Ι

114 683 232 781 Rerum
245 715 328 791 ¹inter
342 701 450 798 paoem
469 710 606 805 ,philppo
635 676 698 772 eum
718 699 938 790 Atheniensibus
965 711 1153 794 composita«
1166 665 1174 671 ·'
1215 679 1218 684 -

158 833 309 900 gestarum
330 832 391 876 tum
413 839 480 876 uera
503 817 663 876 illustratur
684 817 821 884 conditio,
844 831 905 875 tum
925 829 1060 874 accurate
1083 837 1152 875 con·
1203 872 1207 877 .

157 924 313 980 stituuntur
335 935 473 1004 tempora.
517 923 620 1003 Itaque
642 918 695 980 hoc
718 942 780 1003 cap.
804 922 919 1001 agitur:
949 919 986 978 de
1012 918 1151 979 Thraciae

106 1084 108 1086 ,
159 1024 286 1085 castellis
306 1028 381 1083 i'nter
402 1026 492 1108 ipsam
508 1026 596 1108 pacis
611 1025 779 1107 pactionem
801 1047 820 1082 a
841 1021 975 1108 Philippo
997 1025 1152 1106 surreptis,-

160 1130 196 1189 ‹le
218 1128 366 1188 Haloneso
395 1151 414 1188 a
435 1125 579 1213 Philippo.
595 1143 755 1212 occupata,
785 1120 995 1210 devastataque
1024 1124 1162 1210 Pepare·.

34 1274 59 1288 .,
160 1232 231 1305 tho,·
252 1233 288 1292 de
310 1230 453 1314 Pythone,
476 1222 558 1315 quem
580 1255 599 1291 a
620 1230 753 1317 Philippo
775 1232 906 1312 legatum
933 1229 976 1289 ad
995 1228 1155 1290 Athenien-

161 1359 206 1396 ses
228 1336 342 1406 missum
374 1335 514 1418 refutavit
534 1335 741 1396 Demosthenes
748 1360 760 1407 ,·
789 1337 825 1394 de
852 1335 961 1394 insidiis
993 1335 1156 1414 Megaren-

161 1443 232 1499 sium
254 1433 366 1519 cioitati
390 1463 410 1498 a
432 1438 564 1525 Philippo
597 1440 712 1498 structis
719 1464 732 1510 ,·
765 1440 801 1498 de
824 1417 969 1519 ligatione
996 1437 1033 1496 ab
1061 1437 1156 1497 Athe-
1187 1445 1189 1448 ’

162 1543 304 1604 aiensibus
324 1559 440 1603 auctore
461 1542 723 1604 Demosthene‘ad
742 1542 1000 1627 Peloponnesiacos
1022 1543 1156 1601 ciuitates
1221 1599 1224 1605 Α

161 1649 322 1720 ιηιζςεαῑᾰε
344 1662 498 1711 tentatae
517 1647 653 1733 ‚Phtppo
675 1647 805 1707 libertate
826 1622 980 1712 Euboeae,
1004 1660 1032 1704 et
1054 1646 1156 1730 expul-

154 1755 205 1812 sis·
223 1751 317 1811 insula
345 1754 494 1832 mannis,
517 1774 586 1835 quos
608 1749 757 1836 Philippus
779 1751 984 1820 constitueram
1006 1749 1042 1807 de
1064 1749 1158 1808 Athe-

162 1858 302 1918 niensium
315 1853 496 1940 eapeditiime
508 1857 664 1937 Byzantia,
678 1870 706 1913 et
718 1855 922 1935 Byzantrbrum
933 1850 1157 1937 Percnthrorum·

126 1970 129 1975 '
164 1981 217 2044 que
239 1959 354 2021 decreto
377 1960 547 2040 ingratiam
567 1956 793 2034 huiusbenefieii
811 1958 890 2027 lato,·
912 1958 947 2016 de
962 1953 1158 2040 interceptis&

164 2061 297 2146 Philippo
311 2060 528 2122 Atheniensium
539 2065 666 2144 navigiis
672 2087 685 2133 ,·
705 2062 740 2122 de
753 2061 1016 2123 Chersonesitarum
1027 2060 1158 2137 decret03

166 2166 202 2224 de
224 2180 335 2228 mutata
354 2189 409 2250 per
430 2164 651 2232 Demosthenem
673 2165 795 2225 Athenis
816 2189 848 2226 re
870 2162 1063 2225 teletarchica.

1159 2276 1164 2306 Ι

168 2396 176 2457 3
210 2365 387 2461 Philippus
422 2356 528 2460 quum
559 2370 739 2460 composito
768 2365 856 2434 bello
887 2391 978 2445 sacro
1005 2367 1043 2432 in
1076 2367 1160 2432 Am-

122 2471 318 2564 phictyones
340 2467 493 2567 receptus
517 2491 550 2538 et
571 2470 873 2563 Thermopylarum
895 2471 1052 2560 angustiis
1075 2487 1160 2535 esset

123 2575 248 2664 potitus
277 2577 320 2663 (v.
348 2575 382 2642 ll.
407 2603 477 2668 cap.
509 2578 557 2657 Il,
588 2601 639 2640 nr.
667 2578 788 2645 (iextr.
821 2569 902 2662 ce),
936 2598 1159 2665 magnamque

32 2768 34 2773 Ι
125 2676 329 2743 Graecarum
352 2682 534 2745 civitatium
555 2697 685 2771 partem
713 2680 775 2744 sibi
799 2676 1007 2771 applicasset,
1029 2702 1068 2743 eo
1092 2680 1162 2742 iam

126 2798 197 2846 erat
217 2800 407 2872 provectus,
436 2802 474 2848 ut
505 2785 629 2874 etipse
651 2785 879 2875 principatum
904 2781 1064 2848 Graeciae
1086 2805 1162 2846 mox

125 2902 353 2951 assecuturum
367 2902 409 2951 'se
433 2911 501 2952 esse
524 2905 680 2978 speraret,
704 2906 736 2952 et
759 2886 849 2977 apud
870 2886 1050 2978 plerosque
1072 2909 1162 2950 sum·
1216 2919 1220 2923 ·

125 3013 199 3055 mus
221 3014 336 3056 rerum
359 2991 482 3056 arbiter
505 2992 790 3082 aequissimusque
815 2989 1028 3056 iudicaretur.
1074 2991 1163 3054 Eum
1215 3032 1218 3040 -

97 3111 100 3115 ·
125 3095 227 3185 igitur
249 3097 316 3161 iam
337 3097 400 3161 iter
429 3096 598 3162 Phocense
624 3113 798 3186 parantem
826 3096 981 3162 Isocrates
1012 3096 1164 3161 oratione
1189 3089 1199 3107 ²

127 3221 181 3276 ea,
213 3222 298 3288 quae
327 3199 370 3266 ad
407 3198 605 3291 Philippum
638 3191 798 3292 inscripta
829 3216 894 3280 est,
931 3196 1163 3291 compellebat,

18 3342 36 3386 χ
89 3342 93 3354 ·
126 3319 165 3367 ut
185 3299 313 3367 bellum
335 3327 371 3368 ex
395 3301 534 3369 Graecia
558 3306 595 3368 iu
609 3304 723 3370 Asiam
746 3302 899 3369 adversus
913 3303 1026 3368 Persas
1058 3318 1165 3368 trans-

126 3403 238 3484 lerret,
262 3407 389 3498 quippe
413 3405 505 3497 quod
528 3407 689 3474 Graeciae
718 3408 883 3473 intestinis
914 3407 1058 3472 motibus
1089 3406 1163 3470 uhi-

128 3511 194 3602 que
228 3508 403 3575 convulsae
426 3509 565 3588 nullum
594 3513 625 3578 ei
655 3512 829 3579 salutarius
857 3509 1044 3576 remedium
1072 3507 1164 3575 vide-

126 3631 227 3678 retur.
273 3611 341 3678 Sed
363 3614 400 3681 id
423 3617 601 3707 quominus
624 3614 804 3707 Philippus
820 3613 1046 3681 phocensibus
1064 3613 1163 3678 etiam

126 3717 226 3783 rebus
253 3715 396 3783 feliciter
417 3712 622 3811 perfunctus,
641 3722 750 3785 statim
772 3719 958 3810 perficeret,
981 3716 1086 3784 multa
1107 3711 1162 3780 ad-

127 3821 347 3886 versabantur.
395 3822 583 3889 Obstnbant
612 3826 649 3888 in
678 3825 796 3916 primis
820 3814 1060 3900 Athenienses,
1083 3839 1164 3911 pace

127 3927 273 4014 primum
290 3928 446 4019 turpiter
480 3923 661 4017 composita
695 3924 781 3992 male
812 3924 981 4005 contenti,
1022 3943 1093 3990 tum
1123 3921 1166 3986 de

129 4028 242 4096 exelsis
276 4030 503 4098 phocensibus
544 4048 720 4122 erectaque
759 4031 999 4097 Thebanorum
1033 4028 1168 4094 fortuna
