2594 4672
633 235 788 344 jn
871 314 872 317 ,

146 417 148 437 “
192 401 394 476 detrimenti.
448 407 615 476 Conatum
648 432 683 475 se
713 408 842 500 saepius
876 401 935 474 ille
969 402 1163 492 contendit,
1203 426 1241 480 ιιι

188 512 447 579 Demosthenem
469 539 488 578 a
516 514 566 578 rei
595 510 768 604 publicae
789 529 955 580 amoveret
984 511 1239 602 gubernaculis,

192 616 251 683 sed
273 616 432 683 obrutum
455 615 696 703 Demosthenis
711 614 886 682 calumniis
913 637 983 682 non
1011 619 1163 707 potuisse
1187 642 1240 686 sa·-

187 719 350 811 ,luteribus
381 719 654 811 rempublicam
682 716 837 785 adiuvare
871 717 1027 786 consiliis.
1074 721 1240 816 Exempli

192 826 295 916 gratia
317 823 428 904 affert,
458 818 565 913 quod,
601 847 707 914 quum
740 819 811 913 ipse
841 826 1024 908 είςαγγελίαν
1055 822 1087 890 ei
1120 827 1239 894 inten-

191 928 271 997 dere
298 926 413 1006 vellet‚
450 926 689 992 Demosthenes
724 927 914 1006 Anaxinum
930 1010 932 1021 Ι
950 928 1239 1018 comprehensum

111 1016 113 1022 Ι
193 1031 360 1125 supplicio
384 1027 603 1110 tradidisset,
618 1052 656 1096 ac
678 1031 705 1095 si
727 1027 788 1096 illo
818 1028 1018 1098 denunciato
1045 1052 1238 1127 necatoque

192 1138 395 1223 είςαγγελίαν,
433 1157 517 1225 quae
557 1134 622 1199 sihi
652 1134 865 1217 immineret,
897 1133 1041 1226 effugere
1074 1133 1236 1206 voluerit.

134 1249 136 1253 ’
193 1242 286 1324 Quae
309 1236 416 1331 quum
436 1237 482 1302 ita
504 1237 583 1317 sint,
606 1235 815 1327 illud,.quod
838 1237 880 1304 de
894 1227 1043 1334 Anarini
1062 1260 1153 1308 sorte
1168 1243 1239 1309 Ae-

129 1376 134 1386 ·
192 1344 322 1412 schines
345 1358 472 1421 narrat,
506 1341 560 1406 vix
590 1340 633 1406 ad
661 1339 759 1406 aliam
781 1367 860 1409 rem
880 1341 998 1421 referri
1018 1363 1116 1434 posse
1140 1344 1237 1412 vide-

61 1529 63 1535 ·
193 1467 266 1528 tur,
290 1470 391 1538 quam
419 1445 510 1510 cuius
538 1445 779 1512 Demosthenes
808 1447 845 1511 in
883 1469 932 1512 or.
961 1445 1003 1513 de
1031 1470 1100 1514 cor.
1137 1473 1237 1515 meu-

143 1616 145 1620 .
195 1554 321 1620 tionem
342 1547 421 1617 lacit
443 1564 475 1614 et
497 1549 539 1613 ad
562 1573 664 1640 quam
678 1545 915 1633 testimonium,
939 1549 984 1635 tle
1004 1571 1071 1642 quo
1095 1553 1237 1642 agimus,

194 1655 355 1749 pertinet,
379 1652 506 1719 etiamsi
528 1652 564 1719 τὸ
587 1660 760 1720 τελευταίαν
785 1643 952 1720 recentius
980 1654 1106 1749 sactum
1128 1658 1238 1748 signi·

193 1761 293 1828 ficare
314 1756 478 1840 rideatur,
511 1755 570 1824 sed
603 1758 640 1823 οὗ
662 1757 699 1823 τὸ
730 1764 905 1824 τελευταῖον
936 1756 1021 1833 nihil
1049 1775 1113 1838 est,
1150 1763 1234 1827 nisi:

192 1887 306 1932 nonne
329 1880 366 1929 tu
387 1859 542 1927 tandem?
571 1861 636 1928 hoc
658 1877 723 1926 est:
752 1868 864 1929 nonne
893 1879 930 1928 tu
952 1886 991 1929 eo
1014 1861 1153 1928 tandem
1177 1890 1236 1930 au-

160 2011 163 2017 -
194 1968 307 2043 daciae
329 1984 363 2033 et
383 1963 611 2056 impudentiae
633 1967 833 2060 processisti,
856 1983 892 2030 ut
913 1990 1021 2057 quum
1042 1967 1108 2032 tihi
1132 1971 1232 2054 εῖςαγ-Ι

190 2075 276 2160 pello
306 2096 325 2137 a
351 2084 406 2136 nte
428 2069 633 2149 immineret,
655 2069 861 2151 Anaxinum,
884 2070 1029 2136 amicum
1059 2069 1228 2164 quondam

191 2195 287 2244 tuum
316 2169 602 2264 comprehendere
635 2195 822 2265 necareque
854 2175 1003 2254 iusseris,
1035 2174 1165 2243 scilicet
1190 2194 1228 2242 ut

114 2291 116 2297 “
192 2283 238 2351 ita
259 2303 324 2358 ma,
347 2270 407 2370 qui
430 2301 507 2344 cum
529 2301 567 2345 eo
583 2274 764 2344 collocutus
777 2276 1233 2358 eram,„calumniisobruere

192 2402 226 2452 et
237 2378 473 2451 denunciatum
484 2382 522 2449 in
533 2382 757 2473 suspicionem
767 2404 878 2473 posses
892 2406 1018 2449 vocare.
1045 2383 1140 2451 Haec
1155 2408 1233 2452 con·

193 2489 328 2555 firment
355 2485 527 2577 sequentia
555 2485 732 2561 Aeschinis
758 2486 876 2552 verba:
905 2487 1069 2565 ἐπιστολὰς
1096 2490 1132 2554 δὲ
1158 2496 1233 2575 σιγῶ
1272 2564 1276 2571 ,

191 2595 317 2676 ψευδεῖς
337 2591 387 2656 καὶ
409 2589 663 2669 κατασκόπων
690 2589 903 2674 συλλήψεις
928 2592 979 2656 καὶ
1005 2591 1168 2673 βασάνους
1188 2595 1232 2659 ἔτ’

192 2699 305 2772 αἰτίαις
326 2693 500 2780 ἀγενήτοις,
537 2690 585 2770 ὦς
606 2696 696 2776 ἐμοῦ
722 2692 821 2776 μετά
843 2719 961 2772 τινων
983 2699 1232 2783 νεωτερίζειν

172 2787 444 2883 Ιβουλομένου.
491 2798 598 2879 Quam
621 2796 669 2866 ob'
685 2819 758 2861 rem
779 2799 831 2863 vix
852 2799 918 2875 iam
941 2796 1133 2866 addubitari
1156 2817 1231 2894 pot·

192 2919 251 2986 ost,
273 2897 481 2980 Aeschinem·
498 2899 666 2983 contiuuo,
688 2918 865 2998 postquam
884 2903 1056 2968 Anaxinus
1080 2927 1230 2996 compre-

191 3006 313 3087 hensus
332 3018 416 3086 esset
437 2999 688 3096 damnatusque,
711 3002 948 3073 denunciatum
962 3032 981 3072 a
993 3007 1229 3089 Demosthene,

193 3128 268 3191 tum
298 3109 398 3190 etiam
425 3105 538 3175 datum
567 3105 795 3191 testimonium
828 3133 896 3176 esse
925 3110 967 3176 de
1000 3111 1072 3195 eius
1095 3111 1231 3179 clande-

193 3215 288 3291 stinis
310 3237 394 3293 ,cum
423 3208 572 3294 Anaxino
596 3211 789 3304 colloquiis,
812 3212 850 3279 id
871 3212 964 3305 quod
986 3231 1231 3307 extemporum

192 3319 320 3395 ratione
345 3341 445 3409 supra
476 3318 620 3409 exposita
648 3317 723 3383 fieri
745 3314 1028 3408 amninmpotuit
1048 3308 1113 3386 sOl.
1138 3319 1230 3402 CIX,

192 3423 390 3507 lincunte,
419 3421 577 3500 archonte
607 3419 822 3489 Nicomacho.
875 3421 946 3504 Iam
975 3443 1054 3488 vero
1083 3424 1231 3493 testimo·

192 3526 251 3598 nio
274 3522 456 3617 subscripta
477 3524 559 3617 legis
580 3525 694 3604 verba:
728 3512 820 3592 aient
849 3523 1053 3610 ἀπεδόθησαν
1082 3529 1117 3593 αἱ
1145 3554 1232 3616 μαρ-

192 3633 295 3719 τυρίαι
328 3631 387 3697 ἐπὶ
427 3632 577 3713 Νικίου,
616 3627 888 3713 Ἑκατομβαιῶνος
922 3625 1011 3717 τρίτῃ
1051 3631 1231 3716 ἱσταμένου.

192 3733 294 3801 Unde
315 3733 352 3812 in
375 3729 470 3814 Nicia
492 3733 556 3811 hoc
584 3735 655 3799 iure
685 3729 863 3811 contendas
886 3748 1001 3799 verum
1022 3732 1129 3801 latere
1152 3760 1234 3828 epo·

183 3862 333 3930 unymum
355 3834 607 3918 Nicomachum.
652 3838 696 3904 Et
716 3839 834 3915 vitium
855 3839 892 3903 in
908 3837 1077 3904 archontis
1091 3842 1233 3924 nomine

154 4014 161 4037 ,
193 3944 407 4021 commissum
438 3966 537 4022 nemo
567 3960 655 4019 certe
691 3943 841 4019 miretur.
890 3939 1037 4007 Pessime
1071 3944 1165 4009 enim
1201 3961 1234 4011 et

192 4042 389 4122 archontum
408 4047 549 4125 nomina
569 4063 602 4114 et
623 4043 686 4113 alia
707 4047 845 4119 nomina
866 4047 1006 4138 propria
1033 4070 1053 4110 a
1082 4045 1233 4116 librariis
