<?xml version="1.0" encoding="UTF-8"?>
<!DOCTYPE html PUBLIC "-//W3C//DTD XHTML 1.0 Transitional//EN"
    "http://www.w3.org/TR/xhtml1/DTD/xhtml1-transitional.dtd">
<html xmlns="http://www.w3.org/1999/xhtml" xml:lang="en" lang="en">
 <head>
  <title>
</title>
<meta http-equiv="Content-Type" content="text/html;charset=utf-8" />
  <meta name='ocr-system' content='tesseract 3.04.00' />
  <meta name='ocr-capabilities' content='ocr_page ocr_carea ocr_par ocr_line ocrx_word'/>
</head>
<body>
  <div class='ocr_page' id='page_1' title='image "./commentariihist00wiengoog_0321.png"; bbox 0 0 2594 4672; ppageno 0'>
   <div class='ocr_carea' id='block_1_1' title="bbox 609 256 755 327">
    <p class='ocr_par' dir='ltr' id='par_1_1' title="bbox 609 256 755 327">
     <span class='ocr_line' id='line_1_1' title="bbox 609 256 755 327; baseline 0 0"><span class='ocrx_word' id='word_1_1' title='bbox 609 287 611 291; x_wconf 57' lang='grc'>’</span> <span class='ocrx_word' id='word_1_2' title='bbox 690 256 755 327; x_wconf 77' lang='lat'>298</span> 
     </span>
    </p>
   </div>
   <div class='ocr_carea' id='block_1_2' title="bbox 643 347 801 361">
    <p class='ocr_par' dir='ltr' id='par_1_2' title="bbox 643 347 801 361">
     <span class='ocr_line' id='line_1_2' title="bbox 643 347 801 361; baseline -0.006 0"><span class='ocrx_word' id='word_1_3' title='bbox 643 347 801 361; x_wconf 60' lang='lat' dir='ltr'>—uu—</span> 
     </span>
    </p>
   </div>
   <div class='ocr_carea' id='block_1_3' title="bbox 137 405 1286 3221">
    <p class='ocr_par' dir='ltr' id='par_1_3' title="bbox 204 405 1244 617">
     <span class='ocr_line' id='line_1_3' title="bbox 205 405 1244 520; baseline 0.01 -32"><span class='ocrx_word' id='word_1_4' title='bbox 205 421 380 488; x_wconf 89' lang='lat' dir='ltr'>commissa</span> <span class='ocrx_word' id='word_1_5' title='bbox 413 439 462 489; x_wconf 87' lang='lat' dir='ltr'>est</span> <span class='ocrx_word' id='word_1_6' title='bbox 497 440 531 489; x_wconf 89' lang='lat' dir='ltr'>et</span> <span class='ocrx_word' id='word_1_7' title='bbox 566 423 609 490; x_wconf 89' lang='lat' dir='ltr'>ad</span> <span class='ocrx_word' id='word_1_8' title='bbox 643 405 761 494; x_wconf 81' lang='lat' dir='ltr'>notum</span> <span class='ocrx_word' id='word_1_9' title='bbox 798 427 925 493; x_wconf 86' lang='lat' dir='ltr'>flumen</span> <span class='ocrx_word' id='word_1_10' title='bbox 940 503 942 506; x_wconf 16' lang='lat'><strong><em>¹</em></strong></span> <span class='ocrx_word' id='word_1_11' title='bbox 959 426 1161 520; x_wconf 89' lang='lat' dir='ltr'>Cephissum</span> <span class='ocrx_word' id='word_1_12' title='bbox 1200 435 1244 518; x_wconf 93' lang='lat'>(.</span> 
     </span>
     <span class='ocr_line' id='line_1_4' title="bbox 204 525 367 617; baseline -0.006 -26"><span class='ocrx_word' id='word_1_13' title='bbox 204 547 276 617; x_wconf 83' lang='lat' dir='ltr'>cap.</span> <span class='ocrx_word' id='word_1_14' title='bbox 299 525 367 612; x_wconf 86' lang='lat' dir='ltr'><strong>V.).</strong></span> 
     </span>
    </p>

    <p class='ocr_par' dir='ltr' id='par_1_4' title="bbox 137 628 1286 3221">
     <span class='ocr_line' id='line_1_5' title="bbox 257 628 1244 729; baseline 0.012 -36"><span class='ocrx_word' id='word_1_15' title='bbox 257 724 258 729; x_wconf 7' lang='grc' dir='ltr'>η</span> <span class='ocrx_word' id='word_1_16' title='bbox 290 628 447 721; x_wconf 86' lang='lat' dir='ltr'>Denique</span> <span class='ocrx_word' id='word_1_17' title='bbox 473 631 521 698; x_wconf 82' lang='lat' dir='ltr'>&#39;ad</span> <span class='ocrx_word' id='word_1_18' title='bbox 561 632 766 701; x_wconf 82' lang='lat' dir='ltr'>Salaminem</span> <span class='ocrx_word' id='word_1_19' title='bbox 795 636 939 700; x_wconf 85' lang='lat' dir='ltr'>Atticam</span> <span class='ocrx_word' id='word_1_20' title='bbox 971 659 1121 727; x_wconf 85' lang='lat' dir='ltr'>pugnam</span> <span class='ocrx_word' id='word_1_21' title='bbox 1158 638 1244 706; x_wconf 89' lang='lat' dir='ltr'>hane</span> 
     </span>
     <span class='ocr_line' id='line_1_6' title="bbox 204 733 1245 830; baseline 0.01 -32"><span class='ocrx_word' id='word_1_22' title='bbox 204 733 341 800; x_wconf 93' lang='lat' dir='ltr'>omnino</span> <span class='ocrx_word' id='word_1_23' title='bbox 362 734 572 802; x_wconf 83' lang='lat' dir='ltr'>referendam</span> <span class='ocrx_word' id='word_1_24' title='bbox 601 762 685 820; x_wconf 88' lang='lat' dir='ltr'>esse,</span> <span class='ocrx_word' id='word_1_25' title='bbox 716 740 767 804; x_wconf 90' lang='lat' dir='ltr'>rei</span> <span class='ocrx_word' id='word_1_26' title='bbox 796 737 894 804; x_wconf 78' lang='lat' dir='ltr'>etiarn</span> <span class='ocrx_word' id='word_1_27' title='bbox 925 757 1033 830; x_wconf 79' lang='lat' dir='ltr'>gestae</span> <span class='ocrx_word' id='word_1_28' title='bbox 1060 742 1146 808; x_wconf 89' lang='lat' dir='ltr'>ratio</span> <span class='ocrx_word' id='word_1_29' title='bbox 1179 740 1245 808; x_wconf 90' lang='lat' dir='ltr'>cla-</span> 
     </span>
     <span class='ocr_line' id='line_1_7' title="bbox 202 837 1244 932; baseline 0.012 -32"><span class='ocrx_word' id='word_1_30' title='bbox 202 837 331 902; x_wconf 90' lang='lat' dir='ltr'>rissime</span> <span class='ocrx_word' id='word_1_31' title='bbox 353 837 469 920; x_wconf 84' lang='lat' dir='ltr'>docet,</span> <span class='ocrx_word' id='word_1_32' title='bbox 503 865 588 932; x_wconf 82' lang='lat' dir='ltr'>quae</span> <span class='ocrx_word' id='word_1_33' title='bbox 615 843 653 921; x_wconf 79' lang='lat' dir='ltr'>in</span> <span class='ocrx_word' id='word_1_34' title='bbox 683 841 817 908; x_wconf 87' lang='lat' dir='ltr'>decreto</span> <span class='ocrx_word' id='word_1_35' title='bbox 851 841 997 908; x_wconf 88' lang='lat' dir='ltr'>indicata</span> <span class='ocrx_word' id='word_1_36' title='bbox 1019 861 1077 909; x_wconf 87' lang='lat' dir='ltr'>est.</span> <span class='ocrx_word' id='word_1_37' title='bbox 1125 846 1244 912; x_wconf 86' lang='lat' dir='ltr'>Chari-</span> 
     </span>
     <span class='ocr_line' id='line_1_8' title="bbox 203 937 1243 1027; baseline 0.008 -23"><span class='ocrx_word' id='word_1_38' title='bbox 203 937 319 1006; x_wconf 89' lang='lat' dir='ltr'>demus</span> <span class='ocrx_word' id='word_1_39' title='bbox 342 944 448 1023; x_wconf 91' lang='lat' dir='ltr'>enim,</span> <span class='ocrx_word' id='word_1_40' title='bbox 478 940 566 1009; x_wconf 74' lang='grc' dir='ltr'>ὃὲπὶ</span> <span class='ocrx_word' id='word_1_41' title='bbox 587 968 616 1010; x_wconf 90' lang='grc' dir='ltr'>τ.</span> <span class='ocrx_word' id='word_1_42' title='bbox 647 941 767 1025; x_wconf 79' lang='grc' dir='ltr'><strong><em>ὅπλων,</em></strong></span> <span class='ocrx_word' id='word_1_43' title='bbox 802 947 840 1009; x_wconf 92' lang='lat' dir='ltr'>in</span> <span class='ocrx_word' id='word_1_44' title='bbox 863 943 1064 1011; x_wconf 85' lang='lat' dir='ltr'>Salaminem</span> <span class='ocrx_word' id='word_1_45' title='bbox 1086 949 1243 1027; x_wconf 82' lang='lat' dir='ltr'>mittitur,</span> 
     </span>
     <span class='ocr_line' id='line_1_9' title="bbox 201 1046 1241 1138; baseline 0.007 -30"><span class='ocrx_word' id='word_1_46' title='bbox 201 1066 272 1109; x_wconf 91' lang='lat' dir='ltr'>non</span> <span class='ocrx_word' id='word_1_47' title='bbox 294 1046 482 1125; x_wconf 89' lang='lat' dir='ltr'>eomitante,</span> <span class='ocrx_word' id='word_1_48' title='bbox 506 1063 543 1111; x_wconf 93' lang='lat' dir='ltr'>ut</span> <span class='ocrx_word' id='word_1_49' title='bbox 564 1048 724 1138; x_wconf 84' lang='lat' dir='ltr'>auspicor,</span> <span class='ocrx_word' id='word_1_50' title='bbox 749 1047 910 1124; x_wconf 89' lang='lat' dir='ltr'>Diotimo‚</span> <span class='ocrx_word' id='word_1_51' title='bbox 933 1048 1037 1135; x_wconf 76' lang='grc' dir='ltr'>τῷέπὶ</span> <span class='ocrx_word' id='word_1_52' title='bbox 1059 1073 1087 1113; x_wconf 86' lang='grc' dir='ltr'>τ.</span> <span class='ocrx_word' id='word_1_53' title='bbox 1108 1049 1241 1115; x_wconf 77' lang='grc' dir='ltr'><strong><em>ἱππέων·</em></strong></span> 
     </span>
     <span class='ocr_line' id='line_1_10' title="bbox 203 1146 1241 1236; baseline 0.007 -25"><span class='ocrx_word' id='word_1_54' title='bbox 203 1146 328 1212; x_wconf 89' lang='lat' dir='ltr'>dicitur</span> <span class='ocrx_word' id='word_1_55' title='bbox 355 1149 458 1213; x_wconf 89' lang='lat' dir='ltr'>enim:</span> <span class='ocrx_word' id='word_1_56' title='bbox 489 1152 678 1234; x_wconf 78' lang='grc' dir='ltr'><em>Χαρίδημος</em></span> <span class='ocrx_word' id='word_1_57' title='bbox 706 1186 748 1200; x_wconf 91' lang='lat'>-</span> <span class='ocrx_word' id='word_1_58' title='bbox 781 1149 967 1225; x_wconf 77' lang='grc' dir='ltr'><strong><em>ἀποσταλεὶς</em></strong></span> <span class='ocrx_word' id='word_1_59' title='bbox 994 1153 1037 1225; x_wconf 78' lang='grc' dir='ltr'>εἰς</span> <span class='ocrx_word' id='word_1_60' title='bbox 1065 1155 1241 1236; x_wconf 77' lang='grc' dir='ltr'><strong><em>Σαλαμῖνα,</em></strong></span> 
     </span>
     <span class='ocr_line' id='line_1_11' title="bbox 202 1250 1244 1338; baseline 0.007 -23"><span class='ocrx_word' id='word_1_61' title='bbox 202 1253 253 1315; x_wconf 77' lang='grc' dir='ltr'>καὶ</span> <span class='ocrx_word' id='word_1_62' title='bbox 280 1250 432 1335; x_wconf 84' lang='grc' dir='ltr'><strong><em>Διότιμος</em></strong></span> <span class='ocrx_word' id='word_1_63' title='bbox 452 1293 497 1304; x_wconf 94' lang='grc'><strong>-</strong></span> <span class='ocrx_word' id='word_1_64' title='bbox 517 1252 739 1332; x_wconf 75' lang='grc' dir='ltr'><strong><em>καθώπλισαν,</em></strong></span> <span class='ocrx_word' id='word_1_65' title='bbox 773 1274 844 1317; x_wconf 90' lang='lat' dir='ltr'>non</span> <span class='ocrx_word' id='word_1_66' title='bbox 871 1254 1059 1338; x_wconf 81' lang='grc' dir='ltr'><em>Χαρίδημος</em></span> <span class='ocrx_word' id='word_1_67' title='bbox 1085 1257 1138 1319; x_wconf 81' lang='grc' dir='ltr'>καὶ</span> <span class='ocrx_word' id='word_1_68' title='bbox 1164 1255 1244 1322; x_wconf 75' lang='grc' dir='ltr'><em>Αἰό-</em></span> 
     </span>
     <span class='ocr_line' id='line_1_12' title="bbox 202 1355 1244 1450; baseline 0.007 -32"><span class='ocrx_word' id='word_1_69' title='bbox 202 1379 292 1437; x_wconf 86' lang='grc' dir='ltr'><strong><em>τιμος</em></strong></span> <span class='ocrx_word' id='word_1_70' title='bbox 326 1355 551 1432; x_wconf 71' lang='grc' dir='ltr'><strong><em>ἀποσταλέντες</em></strong></span> <span class='ocrx_word' id='word_1_71' title='bbox 582 1359 625 1432; x_wconf 82' lang='grc' dir='ltr'>εἷς</span> <span class='ocrx_word' id='word_1_72' title='bbox 660 1361 736 1422; x_wconf 83' lang='grc' dir='ltr'><strong><em>Σαλ.</em></strong></span> <span class='ocrx_word' id='word_1_73' title='bbox 776 1355 989 1424; x_wconf 75' lang='grc' dir='ltr'><strong><em>καθώπλισαν.</em></strong></span> <span class='ocrx_word' id='word_1_74' title='bbox 1043 1356 1096 1421; x_wconf 90' lang='lat' dir='ltr'>lbi</span> <span class='ocrx_word' id='word_1_75' title='bbox 1129 1358 1244 1450; x_wconf 86' lang='lat' dir='ltr'>pugna</span> 
     </span>
     <span class='ocr_line' id='line_1_13' title="bbox 137 1459 1243 1550; baseline 0.001 -27"><span class='ocrx_word' id='word_1_76' title='bbox 137 1529 139 1536; x_wconf 58' lang='grc'><strong>,</strong></span> <span class='ocrx_word' id='word_1_77' title='bbox 203 1459 420 1526; x_wconf 84' lang='lat' dir='ltr'>committitur</span> <span class='ocrx_word' id='word_1_78' title='bbox 441 1461 490 1526; x_wconf 75' lang='grc' dir='ltr'>ἐπὶ</span> <span class='ocrx_word' id='word_1_79' title='bbox 521 1466 578 1526; x_wconf 78' lang='grc' dir='ltr'>τοῦ</span> <span class='ocrx_word' id='word_1_80' title='bbox 599 1466 757 1544; x_wconf 78' lang='grc' dir='ltr'><strong><em>ποταμοῦ,</em></strong></span> <span class='ocrx_word' id='word_1_81' title='bbox 789 1461 826 1523; x_wconf 91' lang='lat' dir='ltr'>in</span> <span class='ocrx_word' id='word_1_82' title='bbox 850 1484 916 1550; x_wconf 91' lang='lat' dir='ltr'>qua</span> <span class='ocrx_word' id='word_1_83' title='bbox 938 1459 1061 1528; x_wconf 87' lang='lat' dir='ltr'>milites</span> <span class='ocrx_word' id='word_1_84' title='bbox 1084 1459 1243 1527; x_wconf 90' lang='lat' dir='ltr'>nonnulli</span> 
     </span>
     <span class='ocr_line' id='line_1_14' title="bbox 187 1562 1265 1655; baseline 0.004 -30"><span class='ocrx_word' id='word_1_85' title='bbox 187 1563 420 1649; x_wconf 22' lang='lat' dir='ltr'>1(mlc)caesi</span> <span class='ocrx_word' id='word_1_86' title='bbox 452 1564 493 1628; x_wconf 92' lang='lat' dir='ltr'>ab</span> <span class='ocrx_word' id='word_1_87' title='bbox 526 1563 676 1629; x_wconf 86' lang='lat' dir='ltr'>hostibus</span> <span class='ocrx_word' id='word_1_88' title='bbox 702 1562 899 1655; x_wconf 91' lang='lat' dir='ltr'>spoliantur.</span> <span class='ocrx_word' id='word_1_89' title='bbox 945 1565 1019 1645; x_wconf 88' lang='lat' dir='ltr'>Quo</span> <span class='ocrx_word' id='word_1_90' title='bbox 1042 1563 1130 1629; x_wconf 85' lang='lat' dir='ltr'>facto</span> <span class='ocrx_word' id='word_1_91' title='bbox 1156 1564 1265 1629; x_wconf 89' lang='lat' dir='ltr'>Cha-·</span> 
     </span>
     <span class='ocr_line' id='line_1_15' title="bbox 202 1664 1286 1758; baseline 0.008 -29"><span class='ocrx_word' id='word_1_92' title='bbox 202 1664 350 1732; x_wconf 87' lang='lat' dir='ltr'>ridemus</span> <span class='ocrx_word' id='word_1_93' title='bbox 373 1684 407 1733; x_wconf 92' lang='lat' dir='ltr'>et</span> <span class='ocrx_word' id='word_1_94' title='bbox 427 1668 594 1734; x_wconf 90' lang='lat' dir='ltr'>Diotimus</span> <span class='ocrx_word' id='word_1_95' title='bbox 616 1669 684 1733; x_wconf 90' lang='lat' dir='ltr'>suis</span> <span class='ocrx_word' id='word_1_96' title='bbox 713 1669 899 1758; x_wconf 86' lang='lat' dir='ltr'>sumptibus</span> <span class='ocrx_word' id='word_1_97' title='bbox 922 1668 1130 1758; x_wconf 86' lang='lat' dir='ltr'>octingentos</span> <span class='ocrx_word' id='word_1_98' title='bbox 1152 1670 1243 1734; x_wconf 89' lang='lat' dir='ltr'>iuve·</span> <span class='ocrx_word' id='word_1_99' title='bbox 1284 1732 1286 1738; x_wconf 91' lang='lat'>.</span> 
     </span>
     <span class='ocr_line' id='line_1_16' title="bbox 202 1769 1243 1862; baseline 0.002 -28"><span class='ocrx_word' id='word_1_100' title='bbox 202 1793 273 1860; x_wconf 84' lang='lat' dir='ltr'>nes</span> <span class='ocrx_word' id='word_1_101' title='bbox 291 1769 419 1862; x_wconf 76' lang='lat' dir='ltr'>clypeis</span> <span class='ocrx_word' id='word_1_102' title='bbox 455 1773 635 1838; x_wconf 89' lang='lat' dir='ltr'>instruunt.</span> <span class='ocrx_word' id='word_1_103' title='bbox 698 1771 769 1839; x_wconf 85' lang='lat' dir='ltr'>Cur</span> <span class='ocrx_word' id='word_1_104' title='bbox 805 1773 939 1837; x_wconf 89' lang='lat' dir='ltr'>iuvenes</span> <span class='ocrx_word' id='word_1_105' title='bbox 970 1772 1177 1861; x_wconf 82' lang='grc' dir='ltr'><strong><em>(νεανίσκους)</em></strong></span> <span class='ocrx_word' id='word_1_106' title='bbox 1211 1788 1243 1837; x_wconf 89' lang='lat' dir='ltr'>et</span> 
     </span>
     <span class='ocr_line' id='line_1_17' title="bbox 204 1873 1240 1966; baseline -0.003 -23"><span class='ocrx_word' id='word_1_107' title='bbox 204 1877 411 1965; x_wconf 86' lang='lat' dir='ltr'>octingentos</span> <span class='ocrx_word' id='word_1_108' title='bbox 434 1876 581 1966; x_wconf 88' lang='lat' dir='ltr'>quidem,</span> <span class='ocrx_word' id='word_1_109' title='bbox 605 1900 710 1966; x_wconf 87' lang='lat' dir='ltr'>quum</span> <span class='ocrx_word' id='word_1_110' title='bbox 732 1877 830 1965; x_wconf 91' lang='lat' dir='ltr'>pauci</span> <span class='ocrx_word' id='word_1_111' title='bbox 851 1873 951 1942; x_wconf 92' lang='lat' dir='ltr'>modo</span> <span class='ocrx_word' id='word_1_112' title='bbox 980 1874 1106 1940; x_wconf 81' lang='lat' dir='ltr'>milites</span> <span class='ocrx_word' id='word_1_113' title='bbox 1129 1876 1240 1965; x_wconf 80' lang='grc' dir='ltr'><strong><em>(στρα-</em></strong></span> 
     </span>
     <span class='ocr_line' id='line_1_18' title="bbox 203 1976 1240 2069; baseline -0.002 -25"><span class='ocrx_word' id='word_1_114' title='bbox 203 1983 326 2064; x_wconf 84' lang='grc' dir='ltr'><strong><em>τιῶται)</em></strong></span> <span class='ocrx_word' id='word_1_115' title='bbox 347 1976 480 2069; x_wconf 88' lang='lat' dir='ltr'>spoliati</span> <span class='ocrx_word' id='word_1_116' title='bbox 501 1978 586 2044; x_wconf 80' lang='lat' dir='ltr'>sint?</span> <span class='ocrx_word' id='word_1_117' title='bbox 623 1979 794 2044; x_wconf 89' lang='lat' dir='ltr'>Nimirum</span> <span class='ocrx_word' id='word_1_118' title='bbox 818 1979 1038 2044; x_wconf 88' lang='lat' dir='ltr'>Charidemus</span> <span class='ocrx_word' id='word_1_119' title='bbox 1061 2002 1139 2044; x_wconf 88' lang='lat' dir='ltr'>eum</span> <span class='ocrx_word' id='word_1_120' title='bbox 1158 2003 1240 2069; x_wconf 89' lang='lat' dir='ltr'>pau-</span> 
     </span>
     <span class='ocr_line' id='line_1_19' title="bbox 204 2078 1236 2172; baseline -0.003 -24"><span class='ocrx_word' id='word_1_121' title='bbox 204 2083 250 2148; x_wconf 88' lang='lat' dir='ltr'>cis</span> <span class='ocrx_word' id='word_1_122' title='bbox 271 2081 371 2149; x_wconf 93' lang='lat' dir='ltr'>modo</span> <span class='ocrx_word' id='word_1_123' title='bbox 395 2082 574 2162; x_wconf 86' lang='lat' dir='ltr'>militibus,</span> <span class='ocrx_word' id='word_1_124' title='bbox 596 2081 630 2146; x_wconf 91' lang='lat' dir='ltr'>h.</span> <span class='ocrx_word' id='word_1_125' title='bbox 648 2106 676 2147; x_wconf 85' lang='lat' dir='ltr'>e.</span> <span class='ocrx_word' id='word_1_126' title='bbox 699 2081 849 2172; x_wconf 82' lang='lat' dir='ltr'>hoplitis,</span> <span class='ocrx_word' id='word_1_127' title='bbox 871 2084 907 2148; x_wconf 90' lang='lat' dir='ltr'>in</span> <span class='ocrx_word' id='word_1_128' title='bbox 925 2078 1128 2151; x_wconf 84' lang='lat' dir='ltr'>Salaminem</span> <span class='ocrx_word' id='word_1_129' title='bbox 1142 2081 1236 2147; x_wconf 89' lang='lat' dir='ltr'>adve-</span> 
     </span>
     <span class='ocr_line' id='line_1_20' title="bbox 202 2186 1236 2279; baseline -0.003 -26"><span class='ocrx_word' id='word_1_130' title='bbox 202 2204 310 2267; x_wconf 87' lang='lat' dir='ltr'>nerat,</span> <span class='ocrx_word' id='word_1_131' title='bbox 333 2190 404 2279; x_wconf 83' lang='lat' dir='ltr'>qui,</span> <span class='ocrx_word' id='word_1_132' title='bbox 427 2212 532 2278; x_wconf 90' lang='lat' dir='ltr'>quum</span> <span class='ocrx_word' id='word_1_133' title='bbox 553 2186 656 2252; x_wconf 90' lang='lat' dir='ltr'>hostis</span> <span class='ocrx_word' id='word_1_134' title='bbox 686 2188 841 2278; x_wconf 86' lang='lat' dir='ltr'>superior</span> <span class='ocrx_word' id='word_1_135' title='bbox 870 2205 972 2267; x_wconf 61' lang='lat' dir='ltr'>esset,&#39;</span> <span class='ocrx_word' id='word_1_136' title='bbox 996 2189 1083 2253; x_wconf 88' lang='lat' dir='ltr'>caesi</span> <span class='ocrx_word' id='word_1_137' title='bbox 1105 2187 1236 2255; x_wconf 92' lang='lat' dir='ltr'>suntin</span> 
     </span>
     <span class='ocr_line' id='line_1_21' title="bbox 203 2288 1242 2384; baseline -0.002 -28"><span class='ocrx_word' id='word_1_138' title='bbox 203 2316 316 2384; x_wconf 85' lang='lat' dir='ltr'>pugna</span> <span class='ocrx_word' id='word_1_139' title='bbox 349 2291 392 2357; x_wconf 91' lang='lat' dir='ltr'>ad</span> <span class='ocrx_word' id='word_1_140' title='bbox 420 2291 569 2360; x_wconf 76' lang='lat' dir='ltr'>fluvium,</span> <span class='ocrx_word' id='word_1_141' title='bbox 590 2290 763 2358; x_wconf 86' lang='lat' dir='ltr'>commissa</span> <span class='ocrx_word' id='word_1_142' title='bbox 792 2308 824 2357; x_wconf 88' lang='lat' dir='ltr'>et</span> <span class='ocrx_word' id='word_1_143' title='bbox 854 2288 1020 2383; x_wconf 77' lang='lat' dir='ltr'>spoliati&#39;</span> <span class='ocrx_word' id='word_1_144' title='bbox 1049 2288 1242 2382; x_wconf 68' lang='lat' dir='ltr'>Ati-depet-</span> 
     </span>
     <span class='ocr_line' id='line_1_22' title="bbox 203 2394 1242 2491; baseline -0.001 -29"><span class='ocrx_word' id='word_1_145' title='bbox 203 2395 343 2463; x_wconf 86' lang='lat' dir='ltr'>lendum</span> <span class='ocrx_word' id='word_1_146' title='bbox 374 2397 482 2491; x_wconf 67' lang='lat' dir='ltr'>igitur⁸</span> <span class='ocrx_word' id='word_1_147' title='bbox 502 2395 633 2463; x_wconf 89' lang='lat' dir='ltr'>hostem</span> <span class='ocrx_word' id='word_1_148' title='bbox 655 2419 737 2485; x_wconf 90' lang='lat' dir='ltr'>opus</span> <span class='ocrx_word' id='word_1_149' title='bbox 760 2410 847 2474; x_wconf 86' lang='lat' dir='ltr'>erat,</span> <span class='ocrx_word' id='word_1_150' title='bbox 874 2412 913 2459; x_wconf 92' lang='lat' dir='ltr'>ut</span> <span class='ocrx_word' id='word_1_151' title='bbox 933 2394 1059 2462; x_wconf 91' lang='lat' dir='ltr'>maiora</span> <span class='ocrx_word' id='word_1_152' title='bbox 1092 2395 1242 2461; x_wconf 91' lang='lat' dir='ltr'>subsidia</span> 
     </span>
     <span class='ocr_line' id='line_1_23' title="bbox 205 2498 1242 2592; baseline -0.002 -24"><span class='ocrx_word' id='word_1_153' title='bbox 205 2526 312 2592; x_wconf 89' lang='lat' dir='ltr'>quam·</span> <span class='ocrx_word' id='word_1_154' title='bbox 332 2519 468 2592; x_wconf 89' lang='lat' dir='ltr'>possent</span> <span class='ocrx_word' id='word_1_155' title='bbox 496 2498 667 2566; x_wconf 85' lang='lat' dir='ltr'>celerrime</span> <span class='ocrx_word' id='word_1_156' title='bbox 694 2516 975 2590; x_wconf 83' lang='lat' dir='ltr'>compararentur.</span> <span class='ocrx_word' id='word_1_157' title='bbox 1020 2499 1156 2589; x_wconf 86' lang='lat' dir='ltr'>anue,</span> <span class='ocrx_word' id='word_1_158' title='bbox 1185 2498 1242 2566; x_wconf 91' lang='lat' dir='ltr'>de-</span> 
     </span>
     <span class='ocr_line' id='line_1_24' title="bbox 205 2600 1243 2691; baseline -0.004 -19"><span class='ocrx_word' id='word_1_159' title='bbox 205 2606 411 2684; x_wconf 85' lang='lat' dir='ltr'>ficientibus,</span> <span class='ocrx_word' id='word_1_160' title='bbox 441 2619 479 2669; x_wconf 90' lang='lat' dir='ltr'>ut</span> <span class='ocrx_word' id='word_1_161' title='bbox 510 2603 590 2668; x_wconf 91' lang='lat' dir='ltr'>iude</span> <span class='ocrx_word' id='word_1_162' title='bbox 621 2603 792 2682; x_wconf 85' lang='lat' dir='ltr'>coniicias,</span> <span class='ocrx_word' id='word_1_163' title='bbox 825 2601 960 2691; x_wconf 89' lang='lat' dir='ltr'>hoplitis</span> <span class='ocrx_word' id='word_1_164' title='bbox 984 2620 1016 2667; x_wconf 89' lang='lat' dir='ltr'>et</span> <span class='ocrx_word' id='word_1_165' title='bbox 1038 2600 1121 2671; x_wconf 88' lang='lat' dir='ltr'>alibi</span> <span class='ocrx_word' id='word_1_166' title='bbox 1145 2627 1243 2669; x_wconf 90' lang='lat' dir='ltr'>occu-</span> 
     </span>
     <span class='ocr_line' id='line_1_25' title="bbox 203 2706 1243 2801; baseline -0.001 -27"><span class='ocrx_word' id='word_1_167' title='bbox 203 2711 307 2801; x_wconf 89' lang='lat' dir='ltr'>patis,</span> <span class='ocrx_word' id='word_1_168' title='bbox 341 2725 575 2798; x_wconf 89' lang='lat' dir='ltr'>compararunt</span> <span class='ocrx_word' id='word_1_169' title='bbox 610 2706 828 2772; x_wconf 86' lang='lat' dir='ltr'>Charidemus</span> <span class='ocrx_word' id='word_1_170' title='bbox 856 2725 889 2772; x_wconf 88' lang='lat' dir='ltr'>et</span> <span class='ocrx_word' id='word_1_171' title='bbox 919 2707 1087 2773; x_wconf 90' lang='lat' dir='ltr'>Diotimus</span> <span class='ocrx_word' id='word_1_172' title='bbox 1110 2709 1243 2784; x_wconf 84' lang='lat' dir='ltr'>armatis</span> 
     </span>
     <span class='ocr_line' id='line_1_26' title="bbox 205 2810 1243 2901; baseline -0.004 -21"><span class='ocrx_word' id='word_1_173' title='bbox 205 2813 404 2901; x_wconf 79' lang='lat' dir='ltr'>octingentis</span> <span class='ocrx_word' id='word_1_174' title='bbox 427 2813 611 2876; x_wconf 87' lang='lat' dir='ltr'>iuvenibus.</span> <span class='ocrx_word' id='word_1_175' title='bbox 657 2812 860 2900; x_wconf 85' lang='lat' dir='ltr'>Iuvenesque</span> <span class='ocrx_word' id='word_1_176' title='bbox 880 2830 937 2876; x_wconf 86' lang='lat' dir='ltr'>aut</span> <span class='ocrx_word' id='word_1_177' title='bbox 958 2810 1134 2876; x_wconf 89' lang='lat' dir='ltr'>Salaminii</span> <span class='ocrx_word' id='word_1_178' title='bbox 1156 2829 1243 2891; x_wconf 88' lang='lat' dir='ltr'>sunt,</span> 
     </span>
     <span class='ocr_line' id='line_1_27' title="bbox 205 2901 1243 3007; baseline -0.002 -25"><span class='ocrx_word' id='word_1_179' title='bbox 205 2936 262 2985; x_wconf 92' lang='lat' dir='ltr'>aut</span> <span class='ocrx_word' id='word_1_180' title='bbox 282 2917 365 3007; x_wconf 90' lang='lat' dir='ltr'>ipsis</span> <span class='ocrx_word' id='word_1_181' title='bbox 386 2914 526 2981; x_wconf 88' lang='lat' dir='ltr'>Athenis</span> <span class='ocrx_word' id='word_1_182' title='bbox 549 2915 665 2996; x_wconf 80' lang='lat' dir='ltr'>acciti3</span> <span class='ocrx_word' id='word_1_183' title='bbox 696 2916 861 3005; x_wconf 88' lang='lat' dir='ltr'>posterius</span> <span class='ocrx_word' id='word_1_184' title='bbox 891 2901 960 2979; x_wconf 84' lang='lat' dir='ltr'>¹veri</span> <span class='ocrx_word' id='word_1_185' title='bbox 973 2933 977 2940; x_wconf 83' lang='lat'><em>&#39;</em></span> <span class='ocrx_word' id='word_1_186' title='bbox 989 2912 1137 2979; x_wconf 79' lang='lat' dir='ltr'>videtur</span> <span class='ocrx_word' id='word_1_187' title='bbox 1152 2917 1243 2980; x_wconf 89' lang='lat' dir='ltr'>simi-</span> 
     </span>
     <span class='ocr_line' id='line_1_28' title="bbox 205 3015 1243 3111; baseline -0.005 -22"><span class='ocrx_word' id='word_1_188' title='bbox 205 3023 281 3104; x_wconf 87' lang='lat' dir='ltr'>lius,</span> <span class='ocrx_word' id='word_1_189' title='bbox 304 3022 331 3088; x_wconf 90' lang='lat' dir='ltr'>si</span> <span class='ocrx_word' id='word_1_190' title='bbox 353 3015 520 3087; x_wconf 82' lang='lat' dir='ltr'>Dibtimus</span> <span class='ocrx_word' id='word_1_191' title='bbox 543 3017 749 3111; x_wconf 84' lang='lat' dir='ltr'>expeditioni</span> <span class='ocrx_word' id='word_1_192' title='bbox 779 3043 846 3083; x_wconf 91' lang='lat' dir='ltr'>uon</span> <span class='ocrx_word' id='word_1_193' title='bbox 869 3018 1104 3100; x_wconf 79' lang='lat' dir='ltr'>interfuerit.*)</span> <span class='ocrx_word' id='word_1_194' title='bbox 1151 3021 1243 3101; x_wconf 88' lang='lat' dir='ltr'>Quae</span> 
     </span>
     <span class='ocr_line' id='line_1_29' title="bbox 205 3109 1264 3221; baseline -0.006 -26"><span class='ocrx_word' id='word_1_195' title='bbox 205 3129 317 3195; x_wconf 90' lang='lat' dir='ltr'>omnia</span> <span class='ocrx_word' id='word_1_196' title='bbox 339 3124 482 3192; x_wconf 90' lang='lat' dir='ltr'>multum</span> <span class='ocrx_word' id='word_1_197' title='bbox 504 3123 652 3214; x_wconf 85' lang='lat' dir='ltr'>prolecto</span> <span class='ocrx_word' id='word_1_198' title='bbox 676 3109 784 3203; x_wconf 77' lang='lat' dir='ltr'>abest,</span> <span class='ocrx_word' id='word_1_199' title='bbox 808 3139 845 3188; x_wconf 90' lang='lat' dir='ltr'>ut</span> <span class='ocrx_word' id='word_1_200' title='bbox 866 3125 995 3221; x_wconf 89' lang='lat' dir='ltr'>possint</span> <span class='ocrx_word' id='word_1_201' title='bbox 1016 3121 1059 3188; x_wconf 90' lang='lat' dir='ltr'>ad</span> <span class='ocrx_word' id='word_1_202' title='bbox 1083 3121 1264 3216; x_wconf 78' lang='lat' dir='ltr'>Cypriam</span> 
     </span>
    </p>
   </div>
   <div class='ocr_carea' id='block_1_4' title="bbox 249 3456 1247 4060">
    <p class='ocr_par' dir='ltr' id='par_1_5' title="bbox 249 3456 1247 4060">
     <span class='ocr_line' id='line_1_30' title="bbox 249 3456 1244 3540; baseline -0.005 -19"><span class='ocrx_word' id='word_1_203' title='bbox 249 3459 272 3540; x_wconf 80' lang='lat'>*)</span> <span class='ocrx_word' id='word_1_204' title='bbox 294 3457 370 3521; x_wconf 90' lang='lat' dir='ltr'>Illud</span> <span class='ocrx_word' id='word_1_205' title='bbox 398 3459 560 3520; x_wconf 85' lang='lat' dir='ltr'>Bocchbius</span> <span class='ocrx_word' id='word_1_206' title='bbox 590 3473 701 3532; x_wconf 88' lang='lat' dir='ltr'>censet,</span> <span class='ocrx_word' id='word_1_207' title='bbox 731 3456 872 3516; x_wconf 86' lang='lat' dir='ltr'>dubitanti</span> <span class='ocrx_word' id='word_1_208' title='bbox 900 3456 981 3532; x_wconf 60' lang='lat' dir='ltr'>mihi3</span> <span class='ocrx_word' id='word_1_209' title='bbox 1010 3479 1080 3515; x_wconf 91' lang='lat' dir='ltr'>num</span> <span class='ocrx_word' id='word_1_210' title='bbox 1108 3479 1144 3515; x_wconf 80' lang='lat' dir='ltr'>ex</span> <span class='ocrx_word' id='word_1_211' title='bbox 1167 3457 1244 3516; x_wconf 86' lang='lat' dir='ltr'>Sala-</span> 
     </span>
     <span class='ocr_line' id='line_1_31' title="bbox 292 3543 1244 3624; baseline -0.004 -18"><span class='ocrx_word' id='word_1_212' title='bbox 292 3548 377 3622; x_wconf 81' lang='lat' dir='ltr'>mine,</span> <span class='ocrx_word' id='word_1_213' title='bbox 398 3546 502 3606; x_wconf 88' lang='lat' dir='ltr'>nullius</span> <span class='ocrx_word' id='word_1_214' title='bbox 524 3544 584 3603; x_wconf 82' lang='lat' dir='ltr'>fere</span> <span class='ocrx_word' id='word_1_215' title='bbox 606 3543 806 3624; x_wconf 83' lang='lat' dir='ltr'>magnitudinis</span> <span class='ocrx_word' id='word_1_216' title='bbox 828 3543 927 3619; x_wconf 91' lang='lat' dir='ltr'>insula,</span> <span class='ocrx_word' id='word_1_217' title='bbox 950 3543 1106 3624; x_wconf 77' lang='lat' dir='ltr'>octingenti</span> <span class='ocrx_word' id='word_1_218' title='bbox 1127 3545 1244 3603; x_wconf 88' lang='lat' dir='ltr'>iuvenes</span> 
     </span>
     <span class='ocr_line' id='line_1_32' title="bbox 292 3625 1245 3711; baseline -0.005 -16"><span class='ocrx_word' id='word_1_219' title='bbox 292 3637 321 3695; x_wconf 93' lang='lat' dir='ltr'>iu</span> <span class='ocrx_word' id='word_1_220' title='bbox 343 3653 418 3692; x_wconf 87' lang='lat' dir='ltr'>arma</span> <span class='ocrx_word' id='word_1_221' title='bbox 439 3632 534 3690; x_wconf 83' lang='lat' dir='ltr'>vocari</span> <span class='ocrx_word' id='word_1_222' title='bbox 555 3631 711 3711; x_wconf 61' lang='lat' dir='ltr'>potuerint3</span> <span class='ocrx_word' id='word_1_223' title='bbox 728 3628 924 3709; x_wconf 88' lang='lat' dir='ltr'>respondens:</span> <span class='ocrx_word' id='word_1_224' title='bbox 947 3630 1115 3701; x_wconf 81' lang='lat' dir='ltr'>Salaminem</span> <span class='ocrx_word' id='word_1_225' title='bbox 1134 3625 1172 3697; x_wconf 57' lang='lat'>‘70</span> <span class='ocrx_word' id='word_1_226' title='bbox 1196 3653 1245 3690; x_wconf 90' lang='lat' dir='ltr'>su-</span> 
     </span>
     <span class='ocr_line' id='line_1_33' title="bbox 292 3715 1245 3807; baseline 0 -31"><span class='ocrx_word' id='word_1_227' title='bbox 292 3743 345 3807; x_wconf 84' lang='lat' dir='ltr'>pra</span> <span class='ocrx_word' id='word_1_228' title='bbox 368 3716 538 3801; x_wconf 82' lang='lat' dir='ltr'>quadratum</span> <span class='ocrx_word' id='word_1_229' title='bbox 560 3715 719 3780; x_wconf 80' lang='lat' dir='ltr'>milliarium</span> <span class='ocrx_word' id='word_1_230' title='bbox 740 3717 861 3774; x_wconf 89' lang='lat' dir='ltr'>circuitu</span> <span class='ocrx_word' id='word_1_231' title='bbox 882 3731 990 3794; x_wconf 86' lang='lat' dir='ltr'>patere,</span> <span class='ocrx_word' id='word_1_232' title='bbox 1012 3717 1112 3798; x_wconf 88' lang='lat' dir='ltr'>itaque</span> <span class='ocrx_word' id='word_1_233' title='bbox 1132 3719 1245 3777; x_wconf 90' lang='lat' dir='ltr'>Atticae</span> 
     </span>
     <span class='ocr_line' id='line_1_34' title="bbox 293 3802 1246 3895; baseline -0.006 -26"><span class='ocrx_word' id='word_1_234' title='bbox 293 3810 403 3895; x_wconf 83' lang='lat' dir='ltr'>partem</span> <span class='ocrx_word' id='word_1_235' title='bbox 425 3823 486 3862; x_wconf 88' lang='lat' dir='ltr'>esse</span> <span class='ocrx_word' id='word_1_236' title='bbox 509 3803 620 3861; x_wconf 87' lang='lat' dir='ltr'>circiter</span> <span class='ocrx_word' id='word_1_237' title='bbox 642 3802 800 3864; x_wconf 81' lang='lat' dir='ltr'>vicesimam</span> <span class='ocrx_word' id='word_1_238' title='bbox 822 3815 942 3877; x_wconf 85' lang='lat' dir='ltr'>sextam,</span> <span class='ocrx_word' id='word_1_239' title='bbox 963 3805 994 3862; x_wconf 88' lang='lat' dir='ltr'>in</span> <span class='ocrx_word' id='word_1_240' title='bbox 1017 3825 1075 3884; x_wconf 86' lang='lat' dir='ltr'>qua</span> <span class='ocrx_word' id='word_1_241' title='bbox 1097 3803 1173 3862; x_wconf 90' lang='lat' dir='ltr'>urbe</span> <span class='ocrx_word' id='word_1_242' title='bbox 1196 3827 1246 3865; x_wconf 91' lang='lat' dir='ltr'>ru-</span> 
     </span>
     <span class='ocr_line' id='line_1_35' title="bbox 293 3887 1245 3979; baseline -0.003 -28"><span class='ocrx_word' id='word_1_243' title='bbox 293 3899 378 3979; x_wconf 71' lang='lat' dir='ltr'>rique</span> <span class='ocrx_word' id='word_1_244' title='bbox 400 3891 503 3951; x_wconf 86' lang='lat' dir='ltr'>multos</span> <span class='ocrx_word' id='word_1_245' title='bbox 525 3887 663 3950; x_wconf 78' lang='lat' dir='ltr'>habitasse</span> <span class='ocrx_word' id='word_1_246' title='bbox 684 3887 872 3946; x_wconf 83' lang='lat' dir='ltr'>Athenienses</span> <span class='ocrx_word' id='word_1_247' title='bbox 893 3889 1043 3947; x_wconf 88' lang='lat' dir='ltr'>verisimile</span> <span class='ocrx_word' id='word_1_248' title='bbox 1066 3891 1111 3966; x_wconf 86' lang='lat' dir='ltr'>sit,</span> <span class='ocrx_word' id='word_1_249' title='bbox 1134 3912 1245 3973; x_wconf 89' lang='lat' dir='ltr'>eosque</span> 
     </span>
     <span class='ocr_line' id='line_1_36' title="bbox 295 3972 1247 4060; baseline -0.009 -16"><span class='ocrx_word' id='word_1_250' title='bbox 295 3984 440 4051; x_wconf 66' lang='lat' dir='ltr'>mammam</span> <span class='ocrx_word' id='word_1_251' title='bbox 461 3990 589 4060; x_wconf 77' lang='lat' dir='ltr'>partem,</span> <span class='ocrx_word' id='word_1_252' title='bbox 622 3972 674 4053; x_wconf 89' lang='lat' dir='ltr'>qui</span> <span class='ocrx_word' id='word_1_253' title='bbox 696 3973 752 4052; x_wconf 85' lang='lat' dir='ltr'>ipsi</span> <span class='ocrx_word' id='word_1_254' title='bbox 780 3972 864 4032; x_wconf 89' lang='lat' dir='ltr'>demo</span> <span class='ocrx_word' id='word_1_255' title='bbox 893 3975 1024 4035; x_wconf 88' lang='lat' dir='ltr'>Salamini</span> <span class='ocrx_word' id='word_1_256' title='bbox 1047 3978 1160 4038; x_wconf 87' lang='lat' dir='ltr'>accensi</span> <span class='ocrx_word' id='word_1_257' title='bbox 1182 3978 1247 4036; x_wconf 86' lang='lat' dir='ltr'>sue-</span> 
     </span>
    </p>
   </div>
   <div class='ocr_carea' id='block_1_5' title="bbox 294 4048 1247 4152">
    <p class='ocr_par' dir='ltr' id='par_1_6' title="bbox 294 4048 1247 4152">
     <span class='ocr_line' id='line_1_37' title="bbox 294 4048 1247 4152; baseline -0.01 -19"><span class='ocrx_word' id='word_1_258' title='bbox 294 4075 365 4152; x_wconf 75' lang='lat' dir='ltr'>rint,-</span> <span class='ocrx_word' id='word_1_259' title='bbox 381 4068 581 4128; x_wconf 68' lang='lat' dir='ltr'>utim¹‘·’&#39;‘⁶*t</span> <span class='ocrx_word' id='word_1_260' title='bbox 600 4078 638 4116; x_wconf 64' lang='grc' dir='ltr'><em>Η</em></span> <span class='ocrx_word' id='word_1_261' title='bbox 666 4048 728 4117; x_wconf 58' lang='lat' dir='ltr'>flii·</span> <span class='ocrx_word' id='word_1_262' title='bbox 749 4056 849 4148; x_wconf 20' lang='lat' dir='ltr'>*demis</span> <span class='ocrx_word' id='word_1_263' title='bbox 880 4061 998 4141; x_wconf 88' lang='lat' dir='ltr'>multos,</span> <span class='ocrx_word' id='word_1_264' title='bbox 1028 4078 1061 4123; x_wconf 89' lang='lat' dir='ltr'>ut</span> <span class='ocrx_word' id='word_1_265' title='bbox 1090 4085 1127 4124; x_wconf 88' lang='lat' dir='ltr'>ex</span> <span class='ocrx_word' id='word_1_266' title='bbox 1161 4063 1247 4125; x_wconf 89' lang='lat' dir='ltr'>demo</span> 
     </span>
    </p>
   </div>
   <div class='ocr_carea' id='block_1_6' title="bbox 0 0 1304 4672">
    <p class='ocr_par' dir='ltr' id='par_1_7' title="bbox 0 0 1304 4672">
     <span class='ocr_line' id='line_1_38' title="bbox 0 0 1304 4672; baseline 0 0"><span class='ocrx_word' id='word_1_267' title='bbox 0 0 1304 4672; x_wconf 95' lang='lat' dir='ltr'> </span> 
     </span>
    </p>
   </div>
  </div>
 </body>
</html>
