2580 4680
21 360 46 494 ΙΙ
192 403 303 472 Oreo
335 403 481 496 potitum
504 428 580 474 esse
616 406 815 504 Philippum
839 407 1090 477 'Demosthenes
1128 411 1236 480 refert

52 547 54 553 ⁴
187 525 264 600 post
285 510 472 575 institutam
493 510 642 578 Eretriae
665 510 880 603 tyrannidem
902 511 989 578 Phil.
1012 512 1072 580 IV.
1094 537 1129 604 p.
1158 517 1246 611 133.

99 656 102 661 ,
164 602 166 605 ’
187 613 234 680 Et
255 631 443 706 expugnata
464 613 542 681 urbs
572 631 620 683 est
649 613 741 682 haud
758 614 869 682 dubie
891 614 1031 708 Olymp.
1055 615 1134 684 CIX
1156 644 1185 684 a.
1210 643 1231 687 s

187 727 335 799 eieunte,
356 735 413 784 aut
434 734 589 784 currente
611 716 749 786 demum
770 721 879 802 tertio,
900 717 938 787 id
951 717 1045 813 quod
1065 737 1233 790 testantur

54 889 58 895 .
186 819 421 888 Demosthenis
444 820 486 887 de
510 819 672 891 Cherson.
706 825 813 893 oratio
848 840 881 891 et
907 822 980 890 adv.
1003 822 1140 916 Philpp.
1165 825 1241 921 1119·

48 1003 51 1007 .
151 948 154 953 ’
185 926 222 992 ln
245 923 368 1018 quibus
399 924 528 992 Oreum
556 927 784 994 recentissime
810 928 1048 1021 impugnatum
1076 934 1229 1019 captum.

184 1053 252 1122 que
274 1045 386 1097 orator
414 1031 669 1098 commemorat:
697 1033 732 1096 τί
759 1033 786 1097 d’
808 1030 849 1098 liv
870 1030 1020 1100 ἀπελθὼν
1041 1034 1074 1099 ἐκ
1099 1031 1228 1125 Θρᾴκης

182 1136 234 1200 καὶ
259 1133 342 1218 μηδὲ
374 1132 557 1220 προςελθὼν
587 1132 779 1225 Χερρονήσῳ
802 1137 885 1221 μηδὲ
910 1137 1088 1226 Βυζαντίῳ,
1111 1175 1156 1188 -
1177 1137 1227 1204 int

180 1239 327 1305 Χαλκίδα
348 1235 519 1322 ἢΜέγαρυ
538 1235 599 1327 ἕνῃ
619 1237 676 1304 τὸν
688 1237 785 1306 αὐτὸν
797 1238 917 1327 τρόπον
934 1237 1029 1327 ὅνπερ
1051 1241 1096 1306 ἐπ’
1112 1238 1225 1328 Ὠρεὸν

162 1340 306 1432 ’πρῴηνς
329 1337 371 1404 de
387 1339 549 1407 Cherson.
570 1365 606 1432 p.
627 1340 689 1432 943
713 1358 747 1409 et
760 1340 908 1436 Philipp.
932 1343 999 1413 III.¹
1013 1368 1049 1434 p.
1070 1345 1130 1412 113
1153 1367 1225 1411 mee

80 1433 82 1438 ’
179 1442 307 1512 morata
328 1441 478 1537 Philippi
497 1443 722 1538 expeditione
751 1445 906 1515 adversus
934 1446 1121 1533 Phocenses
1149 1446 1221 1532 (Ol.

180 1549 295 1616 CVIII
324 1550 379 1640 ²l3)
409 1565 442 1616 et
476 1551 654 1642 posteriori
684 1548 839 1618 adversus
874 1549 996 1618 Pheras
1028 1550 1221 1631 Thessaliae

179 1652 253 1744 (Ol.
266 1652 358 1734 CIX,
386 1676 397 1720 t
420 1655 536 1744 extr.):
559 1658 610 1722 καὶ
635 1653 868 1739 τὸτελευταῖον,
894 1653 998 1739 addit,
1020 1666 1087 1733 τοῖς
1108 1662 1219 1722 enias·
1242 1659 1244 1666 ⁴

63 1752 78 1815 Ϊ
176 1757 294 1844 πώροις
310 1758 473 1845 Ὠρείταις
494 1760 631 1825 τουτοισὶ
653 1759 915 1851 ἔποσκεψομένους
942 1759 1001 1846 ἔφη
1024 1758 1100 1837 τοὺς
1121 1784 1220 1848 στρυ-

176 1861 292 1939 τιώτος
310 1861 504 1949 πεπομφέναι
525 1864 592 1927 κατ’
614 1860 752 1929 εὔνοιαν·
780 1861 1000 1930 πυνθάνεσθαι
1020 1862 1082 1951 γὰρ
1104 1862 1219 1941 αὐτοὺς

73 1962 76 1967 ’
175 1964 220 2045 ὥς
240 1973 369 2033 νοσοῦσι
388 1967 440 2032 καὶ
462 1963 680 2044 στασιάζουσιν
709 1967 742 2032 ἓν
771 1963 878 2043 adroic
903 1992 931 2032 κ.
960 1993 990 2033 τ.
1021 1973 1050 2034 λ.
1103 1966 1217 2059 Expu-

176 2070 283 2160 gnatis
314 2086 424 2166 autem
445 2068 603 2136 Porthmo
626 2067 787 2160 Oreoque
814 2071 1001 2136 institutam
1021 2072 1059 2136 in
1081 2069 1215 2138 Euboea

169 2163 389 2266 'tyrannidem
417 2197 504 2256 esse,
533 2197 635 2267 supra
665 2175 879 2267 eognovimus
911 2198 952 2240 ex
974 2196 1024 2241 or.
1045 2171 1129 2240 Phil.
1152 2174 1212 2266 III,

172 2304 209 2372 p.
237 2281 307 2360 125,
334 2301 404 2366 119,
427 2277 464 2344 id
486 2275 578 2368 quod
605 2276 702 2358 donet
731 2280 834 2346 etiam
854 2301 901 2346 or.
926 2276 1058 2352 decor.
1081 2304 1116 2371 p.
1140 2277 1213 2364 248.

171 2384 217 2450 Et
245 2384 396 2450 Eretriae
433 2381 573 2475 quidem
601 2381 790 2450 Clitarchus
819 2407 949 2477 summa
977 2406 1093 2449 rerum
1124 2385 1214 2476 poti-

151 2505 223 2554 .tus
244 2487 379 2563 videtur
400 2510 469 2554 esse
492 2486 633 2580 Olymp.
658 2488 738 2554 CIX
759 2510 847 2554 anno
869 2488 936 2552 iam
957 2487 1119 2553 nimirum
1141 2489 1214 2579 pri·
1261 2485 1264 2489 ’

167 2598 245 2673 mo,
268 2591 337 2672 sed,
359 2591 545 2658 rebellione
567 2591 608 2658 ab
631 2591 878 2658 Eretriensihus
899 2591 953 2673 his
975 2607 1107 2673 tentata,
1131 2592 1212 2658 Phi.

108 2703 109 2707 ’
168 2695 258 2788 lippi
297 2692 453 2761 subsidiis
489 2691 600 2761 denuo
630 2696 740 2774 missis
767 2693 981 2787 tyrannidem
1007 2694 1153 2764 obtinuit
1179 2714 1229 2763 et.

168 2795 380 2879 eonhrma'vit
402 2795 540 2890 Olymp.
564 2797 655 2880 CIX,
676 2821 696 2865 a
718 2801 881 2892 peroratis
905 2797 1121 2868 hauddubie
1143 2801 1211 2866 iam

168 2901 374 2971 orationibus
397 2899 440 2968 de
461 2901 627 2992 legatione
648 2900 736 2969 male
758 2919 864 2994 gesta3
893 2927 962 2997 quo
983 2903 1210 2971 faetorecen-

111 3087 112 3090 Ἴ
167 3011 233 3076 tius
257 3008 396 3102 Olymp.
420 3005 501 3074 CIX
524 3030 612 3075 anno
635 3005 770 3074 demum
792 3010 888 3077 tertio
911 3005 1101 3075 Philistides
1124 3005 1209 3077 orei

138 3149 140 3151 ·
167 3111 430 3181 dominationem
459 3129 625 3180 assecutus
652 3129 709 3178 est.
755 3113 866 3197 Quam
895 3111 938 3184 ob
965 3135 1040 3179 rem
1067 3113 1105 3178 in
1134 3135 1208 3178 ora-

165 3217 312 3284 tionibus
340 3215 382 3282 de
414 3216 574 3285 Cherson.
604 3235 638 3284 et
663 3214 811 3309 Philipp.
834 3216 884 3282 111
917 3217 965 3282 ita
994 3215 1038 3281 de
1068 3214 1207 3282 Euboea

162 3337 276 3388 orator
302 3317 472 3412 loquitur,
498 3345 540 3388 ne
570 3321 600 3388 si
627 3322 820 3412 nuperrime
850 3321 895 3388 sit
922 3321 960 3385 iu
981 3335 1126 3413 utraque
1147 3315 1206 3385 illa

162 3425 246 3492 urbe
268 3425 417 3492 instituta
439 3426 607 3518 tyrannis,
642 3447 729 3517 quae
751 3442 862 3491 tamen
885 3421 976 3516 apud
996 3423 1205 3490 Eretrienses

111 3522 114 3536 ’
162 3546 252 3596 eerte
280 3527 440 3595 initiam
468 3527 616 3622 longior3
650 3529 698 3595 ita
718 3544 772 3611 nt,
800 3529 828 3593 si
857 3528 894 3592 in
923 3550 972 3594 or.
1008 3524 1050 3592 de
1080 3551 1147 3596 cor.
1169 3552 1203 3621 p.

162 3636 242 3704 252:
267 3630 333 3700 εἶτα
354 3630 625 3718 τὴνεῗςΕῧβοιαυ,
649 3649 761 3699 orator
773 3633 829 3711 ait,
854 3630 1035 3722 [πρέσβειον
1048 3631 1201 3722 ξ’γροψα],

159 3735 236 3824 ἡνίκ’
253 3736 397 3820 Εὖβοίας
416 3735 541 3821 ἥπτετο,
571 3733 638 3802 εἶτα
666 3735 724 3820 τὴν
745 3735 792 3801 ἐπ’
809 3734 922 3821 Ὠρεὸν
943 3733 1068 3819 ἔξοδον,
1102 3735 1204 3803 οὐκέτι

160 3842 336 3929 πρέσβειον,
360 3841 411 3904 καὶ
432 3839 490 3924 τὴν
513 3843 555 3917 εἷς
573 3839 743 3926 Ἐρετρίαυ,
768 3838 871 3917 ἐπειδὴ
888 3837 1059 3926 τυράννους
1079 3842 1112 3907 ἓν
1124 3839 1202 3906 τοῦ-

66 4031 68 4036 ,
90 3984 93 3990 ·
159 3970 228 4022 ταις
249 3955 318 4033 ταῖς
339 3943 445 4010 πόλεσι
466 3945 654 4028 κατέστησε,
684 3941 785 4008 verba
806 3939 888 4010 haec
916 3966 986 4011 non
1008 3941 1202 4010 ita-intelli-

159 4047 267 4139 genda
287 4047 464 4134 uideantur
488 4069 572 4130 esse,
605 4069 645 4113 ae
665 4045 694 4113 si
716 4048 854 4116 omnino
876 4045 1028 4148 nondum
1050 4046 1202 4114 instituta
