2594 4672
528 187 721 352 ...ul

25 456 28 461 ·
85 368 223 484 stituere
241 416 347 483 coacti
361 432 448 484 sunt.
493 417 601 482 Thuc.
613 416 657 498 V,
680 417 732 484 32.
778 415 856 482 Post
875 415 1004 480 bellum
1027 362 1131 536 igitur

83 519 312 622 Peloponnes.
330 516 423 596 Delii
441 521 648 601 Pausaniam,
671 517 900 588 Plistoanactis
926 518 1046 602 filium,
1069 521 1129 612 qui

12 662 16 668 ·
86 608 145 691 01.
158 620 309 704 XCIV,1
327 621 600 705 Lacedaemoniis
616 622 727 690 denuo
741 622 889 690 Athenas
902 621 1130 704 obsidentibus

83 725 242 821 praefuit,
258 724 421 811 adierunt,
438 727 506 795 dc
495 752 567 795 mre
579 752 638 795 suo
651 728 771 795 acturi.
817 725 886 794 Sed
901 751 961 793 rex
975 727 1130 819 explosos

84 828 321 924 imprudenter
337 831 534 930 repudiavit.
578 833 621 899 V.
643 830 786 898 Plut.1n
800 829 973 929 Apophth.
996 832 1130 914 Lacum,

84 933 250 1013 emendat,
274 960 293 999 a
308 935 460 1004 Dorvillo
483 935 608 1003 l.iufra
622 932 802 1002 laudando.
848 933 931 1001 Inde
953 935 1021 1001 iam
1044 934 1130 1029 quid

83 1039 150 1107 sibi
172 1039 252 1106 velit
269 1063 370 1106 vcausa
392 1039 435 1107 de
458 1039 553 1123 Delo,
584 1040 618 1105 h.
648 1038 672 1104 l.
696 1063 715 1104 a
738 1039 963 1107 Demosthene
986 1059 1132 1107 comme·
1211 1097 1213 1101 ,

82 1161 229 1225 morata,
259 1145 336 1210 satis
365 1141 483 1235 liquet.
535 1146 694 1215 Manente
723 1145 815 1210 enim
838 1143 954 1210 Delios
987 1146 1077 1211 inter
1098 1162 1132 1211 et

82 1248 305 1316 Athenienses
329 1245 383 1311 ¹de
422 1248 549 1341 templo
587 1249 826 1331 controversia,
866 1246 959 1314 Delii
994 1245 1131 1314 tandem

84 1375 218 1419 causam
241 1348 285 1416 ad
306 1349 569 1442 Amphictyones
593 1349 803 1432 detulerunt,
834 1367 872 1417 ut
902 1351 1043 1434 abhis,
1073 1353 1130 1417 cui

81 1478 235 1548 praeesse
250 1452 382 1545 templo
403 1455 479 1519 iure
501 1455 703 1535 conveniret,
726 1455 941 1520 iudicaretur.
986 1453 1035 1517 Ita
1057 1476 1132 1518 rem
1167 1517 1170 1526 ,

83 1557 227 1624 illustrat
248 1573 363 1624 auctor
382 1564 454 1625 vitt.
477 1558 510 1625 X
533 1573 633 1624 oratt.
651 1558 689 1621 in
699 1554 871 1648 Hyperide
893 1553 971 1623 Vol.
994 1552 1072 1637 XII,
1094 1580 1129 1647 p.

86 1663 148 1752 273
173 1659 223 1727 ed.
247 1660 306 1728 H.:
330 1659 503 1739 συστάντος
527 1663 562 1728 δὲ
582 1661 662 1747 πρὸς
673 1663 813 1746 Δηλίους
834 1657 1128 1749 ἀμφισβητήματος,

82 1767 316 1852 οιοτίροοςγδεῖ
332 1770 545 1853 προΐστασθαι
574 1770 632 1831 τοῦ
653 1765 748 1851 ἱεροῦ,
773 1751 961 1859 αἱρεθέντος
975 1765 1130 1847 Alexiroe
1195 1833 1198 1838 ,

80 1878 250 1952 ιιονιιπιῖν,Ι
282 1866 303 1954 ἡ
332 1871 365 1948 ἔξ
388 1869 510 1957 Ἀρείου
542 1868 645 1954 πάγον
672 1868 772 1954 dosii]
801 1865 983 1954 Ὑπερείδην
1013 1869 1131 1953 ἐχειρο-

80 1971 222 2060 τόνησεν,
247 1974 297 2038 καὶ
319 1970 441 2040 thraso
463 1973 559 2060 λόγος
576 1971 736 2057 Δηλιακὸς
756 1971 1042 2063 ἐπιγεγραμμένος..
1077 1969 1129 2037 Cf.

80 2075 243 2167 Apollon.
266 2077 303 2141 in
321 2077 377 2144 vit.
400 2077 557 2143 Aeschin.
576 2075 712 2141 Ruhnk.
733 2075 818 2143 hist.
836 2077 910 2142 crit'
934 2088 982 2142 or.
1008 2073 1068 2140 Gr.
1091 2076 1130 2140 in

80 2179 257 2270 Hyperide
278 2203 313 2268 p.
340 2178 410 2265 149.
455 2178 557 2245 Plura
580 2179 622 2245 de
637 2177 722 2252 Delo
744 2180 811 2245 huc
833 2179 1037 2270 pertinentia
1051 2201 1130 2271 sup-
1186 2169 1189 2188 ‘

80 2279 237 2372 peditent
252 2279 395 2347 Dorvilli
411 2283 556 2348 exercitt.
574 2281 616 2346 de
626 2282 714 2348 Delo
736 2283 775 2349 in
795 2280 940 2368 Miscell.
953 2282 1127 2383 Obsepvat.

82 2383 163 2454 Vol.
185 2384 261 2466 VII,
283 2383 321 2448 P.
347 2405 376 2448 1.
823 2420 825 2425 ·

78 2629 112 2738 9.
143 2609 333 2743 Disseritur
359 2642 402 2710 dc
422 2606 704 2738 psephismatum,
734 2667 821 2739 quae
844 2657 1017 2738 exstantp
1020 2627 1128 2729 Abi,

117 2748 235 2816 ¹-rebus
248 2773 287 2824 ac
308 2765 470 2841 tempore.

168 2902 222 2971 De
243 2903 387 2972 decretis
415 2901 468 2972 his
491 2901 661 2997 disputare
687 2903 753 2973 hoc
782 2903 858 2973 loco
882 2861 1128 2987 constituimus,

79 3008 195 3077 minus
217 3007 308 3103 quod
338 3006 457 3078 ebdem
479 3010 640 3100 temporis
662 3007 857 3093 intervallo,
888 3010 932 3076 ad
961 3007 1057 3103 quod
1076 3026 1130 3075 re-

79 3115 147 3182 bus
167 3112 268 3180 modo
292 3114 435 3185 excussis
457 3110 594 3183 deducti
616 3135 746 3194 sumus,
768 3110 834 3179 lata
856 3135 895 3178 ea
912 3135 1049 3235 quoque
1071 3110 1130 3178 de-

79 3233 270 3285 monstrare
288 3215 466 3284 evidenter
485 3239 584 3312 posse
605 3216 794 3338 opinemur,
817 3213 892 3283 sed
893 3218 972 3310 quia
993 3215 1031 3284 id
1051 3239 1129 3284 vero

80 3321 183 3390 nobis
204 3319 417 3399 similiimum
439 3344 509 3389 esse
530 3318 671 3419 videtur,
693 3334 728 3387 et
749 3321 786 3386 in
794 3319 1060 3421 pervestiganda
1080 3336 1130 3387 ta-

66 3423 243 3492 bularum
261 3417 383 3496 harum
410 3440 515 3493 aetate
547 3427 637 3494 circa
665 3449 719 3493 res
746 3426 835 3492 inter
862 3416 1004 3520 Olymp.
1033 3424 1130 3494 cvu

80 3546 116 3597 et
139 3522 252 3598 CVIII
275 3544 363 3598 autes
392 3530 574 3596 maximam
599 3547 731 3624 partem
751 3522 871 3598 oratio
888 3549 1047 3612 versetur,
1068 3553 1130 3627 ne—
1184 3598 1185 3602 ,
1226 3541 1228 3545 ’

81 3657 188 3702 cesse
196 3650 254 3701 est.
297 3632 501 3702 Perdifficile
522 3649 573 3701 est
594 3636 687 3702 enim
706 3633 871 3702 decreta*
860 3643 923 3701 rsta
944 3620 988 3701 ad
1000 3620 1130 3703 certum

81 3738 245 3832 temporis
266 3728 477 3806 momentum
498 3730 661 3813 conferre.
705 3733 818 3806 Nam
821 3760 939 3808 eornm
965 3741 1004 3806 in
1025 3723 1128 3806 elteri

79 3867 129 3912 ne
151 3841 679 3935 archon=qnidemaffertu1·3''in
706 3843 816 3937 priori
836 3836 1044 3934 -ausemqui
1071 3852 1131 3908 ιι-

80 3963 182 4016 catur
211 3947 336 4015 archon
367 3947 589 4031 Demouicus,
627 3972 734 4043 quum
760 3947 853 4035 fastis
881 3946 983 4013 huius
1016 3946 1130 4013 aetatis

82 4054 301 4148 consignatus
329 4044 502 4134 nonsit,¹
519 4049 587 4120 illis
616 4050 832 4124 archontibus
861 4047 1127 4137 adnumerandus
