2594 4672
560 250 718 354 Q

120 448 223 516 syroe,
249 420 340 505 μὸλνς
359 419 484 487 ἔπεισαν
505 423 551 508 τῷ
573 418 714 484 Φωκίωνι
736 414 901 504 ἐπιτρίψαι
922 437 980 500 την
1000 376 1103 494 πίλα,
1127 429 1164 480 et

123 524 216 620 qnod
242 524 334 590 buno
362 546 470 588 unum
495 521 648 588 omnium
678 517 814 585 exulare
835 517 933 583 iussit
959 513 1162 598 Alexander,
1220 598 1224 605 ἱ

121 652 237 722 passus
267 644 317 693 est
341 623 489 719 populus
517 624 744 703 Atheniensis,
781 619 874 714 quod
900 618 1097 710 idempost
1123 622 1162 687 in

7 803 12 814 ,
122 733 271 798 Persiam
304 753 375 796 sese
410 726 555 796 contulit
587 726 625 793 id
662 750 776 817 agens,
811 742 851 791 ut
885 721 969 789 belli
1003 721 1162 791 adversus

121 831 352 901 Alexandrum
384 833 448 897 sibi
478 856 497 896 a
524 831 628 896 Dario
660 831 840 921 imperium
874 825 1072 908 deferretur,
1101 825 1164 894 sed

123 920 168 1004 bb
196 934 301 999 animi
327 931 570 998 vehementiam
600 949 632 998 et
659 929 790 1020 linguae
822 930 961 995 nimiam
989 928 1165 996 licentiam

123 1040 217 1105 iussu
238 1035 337 1101 Darii
356 1033 550 1100 interfectus
571 1052 629 1114 est,
652 1034 689 1099 id
710 1057 788 1100 sane
802 1032 844 1098 ad
867 1031 1060 1098 Charidemi
1083 1033 1168 1098 Ori-

124 1159 178 1208 tae
198 1161 308 1207 mores
331 1153 365 1202 et
385 1138 559 1228 ingenium
580 1138 706 1230 optime
717 1135 867 1228 quadrat,
889 1159 992 1228 quem
1012 1138 1185 1226 primum,

126 1242 369 1311 Demosthenes
401 1258 440 1307 ut
468 1237 701 1307 turbulentum
728 1240 902 1307 hominem
931 1257 965 1306 et
992 1237 1171 1331 perfidum

126 1364 167 1414 et
181 1344 267 1412 lucri
288 1343 474 1412 studiosum
495 1344 714 1411 acerbissimis
734 1345 892 1410 conviciis
914 1344 1065 1412 oratione
1087 1345 1171 1409 Ari-

127 1467 287 1519 stocratea
315 1449 544 1541 persequitur,
567 1448 807 1540 Theopompus
834 1471 913 1515 vero
940 1444 1035 1537 gulae
1067 1448 1172 1514 etiam

128 1577 302 1650 ganeaque
328 1550 481 1617 deditum
510 1549 670 1617 describit
698 1576 751 1642 ap.
784 1553 905 1618 Athen.
946 1553 994 1629 Χ,
1023 1576 1059 1642 p.
1089 1551 1171 1635 436,

128 1658 191 1724 ubi
221 1657 303 1724 haec
330 1655 541 1748 Theopompi
567 1654 610 1720 de
640 1654 840 1723 Charidemo
867 1673 1033 1746 postrema
1068 1656 1173 1720 verba

78 1812 81 1821 .
128 1760 304 1853 legunturt
325 1762 375 1827 καὶ
397 1760 441 1837 εἷς
462 1765 611 1826 τοσοῦτον
631 1766 790 1847 προῆλθεν
810 1760 971 1847 ἀκρασίας,
996 1758 1077 1825 ὥστε
1098 1786 1172 1843 μει-

129 1863 238 1953 ράκιόν
265 1892 295 1932 τι
328 1863 415 1951 παρὰ
441 1871 497 1948 τῆς
530 1869 646 1950 βουλῆς
678 1870 734 1947 τῆς
761 1870 825 1931 τῶν
856 1864 1033 1930 Ὀλυνθίων
1071 1862 1178 1929 αἰτεῖν

131 1971 333 2054 ἐπεχείρησεν,
357 1968 375 2032 ‘d
397 1966 455 2052 τὴν
474 1968 532 2051 μὲν
553 1965 629 2048 ὄψιν
648 1960 688 2050 ἦν
698 1967 809 2042 εὐειδὲς
818 1969 868 2031 καὶ
878 1969 997 2053 χαρίεν,
1021 1966 1171 2050 ἐτύγχανε

131 2073 167 2137 δὲ
187 2069 267 2154 μετὰ
291 2071 417 2156 Δέρδου
438 2075 495 2134 τοῦ
523 2068 710 2146 Μακεδόνος
724 2069 933 2156 ,αἰχμάλωτον
958 2071 1167 2155 γεγενημένον.

133 2173 226 2256 Quae
247 2173 319 2262 ipsa
350 2189 440 2238 certe
473 2172 522 2238 vix
550 2170 593 2237 ad
614 2171 705 2238 aliud
726 2189 855 2266 tempus
877 2173 996 2239 referri
1018 2190 1168 2264 possunt,

134 2300 235 2368 qiam
258 2275 299 2341 ad
323 2274 381 2342 Ol.
405 2275 512 2355 CVII,
534 2275 567 2360 4,
590 2300 656 2368 quo
680 2301 768 2343 anno
789 2275 961 2368 Olynthiis
990 2301 1068 2341 cum
1091 2276 1173 2340 Phi-

132 2377 230 2471 lippo
252 2377 381 2447 bellum
415 2380 605 2471 gerentibus
643 2379 861 2446 Charidemus
892 2380 932 2444 ab
956 2380 1190 2456 Atheniensi<

133 2483 196 2550 bus
218 2481 339 2552 auxilio
362 2485 478 2550 missus
501 2485 609 2565 estis,
633 2485 691 2576 qui
714 2482 768 2551 Ol.
793 2484 946 2564 CV11,2
969 2483 1114 2548 Athenis
1137 2484 1175 2549 in

136 2587 382 2654 Chersonesum
404 2586 553 2653 solverat
601 2587 693 2668 Quae
722 2590 836 2679 opinio
867 2612 906 2655 eo
928 2589 1067 2652 maxime
1090 2611 1175 2655 con-

17 2772 21 2783 ·
135 2691 299 2770 firmatur,
322 2688 414 2780 quod
436 2688 565 2755 Derdas
586 2689 726 2757 Macedo
756 2693 903 2783 captivus
933 2709 1003 2757 tum
1028 2691 1176 2782 Olynthi

134 2810 280 2861 versatus
303 2790 434 2872 dicitur,
458 2817 558 2884 quem
570 2792 695 2873 Philae,
719 2798 831 2862 uxoris
848 2794 1012 2886 Philippi,
1034 2795 1176 2862 fratrem

135 2897 235 2963 fuisse
258 2914 444 2985 constater
454 2897 624 2964 Athenaeo
644 2898 735 2963 XIII.
747 2925 780 2990 p.
795 2903 867 2990 557.
911 2901 1020 2965 Etiam
1037 2922 1176 2990 praece-

137 2998 230 3068 denti
253 2999 391 3091 quidem
412 3002 480 3065 iam
501 3017 650 3093 tempore
679 3007 750 3084 (sub
774 3003 830 3069 Ol.
855 3003 933 3085 CV,
959 3010 987 3085 ι)
1011 3001 1177 3069 Charide-

14 3154 17 3160 Δ
137 3129 210 3171 mus
234 3105 332 3175 Orita
355 3105 396 3169 ab
420 3102 602 3196 Olynthiis,
631 3106 830 3197 quibuscum
852 3125 924 3174 tum
952 3107 1175 3174 Athenienses

139 3227 173 3277 et
201 3207 402 3276 Macedones
430 3206 528 3275 simul
558 3207 725 3275 bellabant
753 3210 862 3292 (Dem.
894 3208 1035 3301 Olynth.
1065 3211 1110 3280 11.
1139 3237 1175 3303 p.

139 3314 207 3401 aa),
230 3309 412 3378 conductus
441 3330 510 3378 erat
531 3330 612 3379 teste
636 3314 860 3380 Demosthene
881 3314 917 3378 in
940 3338 988 3380 or.
1011 3316 1175 3383 Aristocr.

138 3439 174 3507 p.
196 3414 272 3504 669,
294 3413 446 3482 sedtum
468 3416 587 3481 itinere
616 3442 636 3482 a
657 3418 834 3486 Timotheo
862 3418 1066 3512 interceptus
1089 3442 1194 3512 quo-p

139 3519 251 3584 minus
274 3541 350 3584 cum
373 3516 542 3610 Olynthiis
564 3543 633 3586 sese
656 3523 880 3614 coniungeret,
901 3521 1092 3613 prohibitus
1116 3542 1177 3590 est.

142 3623 235 3705 Quae
257 3646 363 3711 quum
384 3623 430 3688 ita
450 3623 527 3704 sint,
552 3623 790 3693 Charidemum
812 3650 889 3714 eum
912 3627 971 3719 qui
994 3626 1051 3694 Ol.
1067 3626 1176 3708 CVII,

143 3723 428 3793 aboedromioue
449 3750 562 3793 mense
591 3729 732 3796 Athonis
761 3731 798 3795 in
828 3730 1074 3799 Chersonesum
1095 3731 1178 3798 mis-

142 3853 196 3895 sus
219 3844 278 3910 est,
300 3830 416 3921 etqui
438 3834 509 3897 tum
527 3829 706 3924 Olynthiis
728 3833 924 3926 opitulatus,
958 3851 1090 3927 etpost
1112 3833 1179 3903 cla-
1206 3912 1211 3920 ,

142 3929 219 4001 dem
245 3932 541 4004 adChaeroneam
570 3935 646 4003 exul
678 3938 716 4005 in
742 3938 890 4006 Persiam
922 3962 992 4006 sese
1020 3937 1180 4021 contulit,

143 4037 258 4130 ibique
280 4056 413 4107 necams
428 4056 486 4122 est,
508 4038 618 4124 verbo,
641 4039 927 4112 celebrem'illum
941 4042 1064 4113 ducem
1073 4043 1182 4115 Athe-
