2594 4672
634 261 791 371 A

189 431 441 502 criminationes
462 430 849 526 pnblica-Demosthenis
874 431 1158 509 administratione
1179 431 1239 512 di-¹

190 559 295 630 gnum
309 558 385 601 eum
397 537 549 628 praemio
564 535 622 604 illo
640 535 890 619 iudicibusesse
909 536 1070 605 ostendat.
1092 538 1233 606 Aeschi-
1264 556 1271 567 ‘

135 712 137 717 ,
188 662 249 705 nes
273 639 363 704 enim
384 642 447 706 tria
467 641 664 732 praesertim
685 641 850 722 exhibuit,
872 642 909 708 in
932 641 1053 732 quibus
1075 660 1231 735 peccasse

188 759 305 811 contra
317 740 672 833 leges-Ctesiphontem
685 742 941 840 demonstrarem
962 747 1123 838 primum,
1138 746 1231 838 quod

187 864 265 914 ante
278 844 397 917 relatas
419 846 568 913 muneris
581 846 724 914 rationes
743 870 865 914 corona
886 846 1081 921 donandum
1104 850 1231 918 Demo-

186 950 563 1041 sthenemscripsisset:
577 966 659 1019 erat
680 951 770 1017 enim
785 950 1026 1019 Demosthenes
1048 956 1152 1020 muris
1174 979 1230 1020 re-

186 1051 341 1145 ficiendis
352 1051 779 1147 theor·icoque:praefectus,
795 1079 862 1146 quo
878 1072 1030 1149 tempore
1044 1056 1231 1149 Ctesiphon

185 1156 360 1226 decretum
381 1155 423 1224 de
446 1155 638 1227 coronando
656 1182 695 1227 eo
712 1157 755 1225 ad
771 1160 1122 1253 senatum-deferebam
1143 1179 1226 1243 tum,

129 1322 134 1339 ,
185 1261 280 1356 quod
302 1263 357 1329 ·in
391 1260 519 1353 theatro
555 1262 799 1354 Dionysiorum
832 1261 1055 1351 solemnitate3
1093 1264 1227 1347 deinde,

116 1386 120 1397 '
153 1412 159 1419 -
182 1364 280 1456 quod
300 1366 429 1434 virtutis
452 1367 557 1458 gnatia
579 1383 613 1435 et
633 1365 893 1449 benevolentiae,
917 1393 1018 1460 quam
1032 1392 1110 1463 erga
1123 1370 1229 1437 Grae-

101 1499 108 1513 ·
185 1494 242 1539 cos
264 1471 434 1540 universos
457 1489 491 1537 et
513 1472 679 1543 civitatem
699 1470 957 1539 Atheniensium
981 1490 1145 1565 perpetuo
1167 1471 1229 1537 ha·

183 1574 289 1656 heret,
311 1574 519 1645 fortitudinis
537 1577 639 1645 etiam
660 1593 699 1660 et
726 1578 928 1643 constantiae
954 1577 992 1642 in
1022 1574 1149 1667 agendo
1172 1575 1228 1644 di-

79 1754 82 1761 ,
183 1678 371 1773 cendoque‚
394 1704 479 1772 quae
500 1679 630 1773 populo
651 1680 796 1745 maxime
823 1678 964 1744 fuissent
988 1677 1142 1749 salutaria
1168 1706 1228 1747 au-

181 1806 241 1853 nea
276 1808 399 1855 emona
424 1784 624 1857 :ornandum
657 1781 918 1850 Demosthenem
952 1783 1225 1853 commendasset

184 1889 311 1961 Omnia
330 1888 412 1955 haec
434 1887 617 1957 Aeschines
642 1885 762 1954 ordine
784 1901 822 1952 ut
841 1884 932 1977 salsa
944 1887 1120 1981 impugnat
1141 1887 1226 1982 legi.

180 1993 314 2085 busque
337 1993 513 2073 contraria,
535 1993 634 2059 tertio
655 1989 729 2060 loco
753 1991 911 2057 acerrime
933 1992 971 2057 in
987 1991 1225 2060 Demosthenis

178 2096 508 2170 administrationem
528 2093 733 2189 reipublicae
756 2095 931 2177 invehens,
960 2096 999 2163 in
1025 2097 1122 2163 cuius
1146 2123 1225 2189 pra·

65 2200 71 2211 ’
178 2203 281 2275 ,vitate
301 2218 344 2268 'et
364 2199 495 2275 damnis
512 2197 785 2268 demonstrandis
814 2197 1043 2293 longissimam
1065 2203 1224 2271 orationis

179 2331 260 2377 suae
279 2323 411 2398 partem
434 2307 619 2386 consumit,
649 2320 687 2389 ut
709 2330 776 2396 qua
797 2309 940 2371 maxime
963 2306 1224 2377 Demosthenem

88 2449 91 2455 ¹
178 2410 356 2506 probitatis
378 2409 466 2477 sama
487 2408 718 2504 dignitateque
740 2426 886 2476 evertere
909 2413 1009 2503 eique
1029 2412 1224 2502 praeripere

178 2516 321 2611 gratiam
340 2511 794 2609 popularemstotetendebae
840 2511 909 2581 Sed
929 2515 967 2583 in
988 2514 1053 2582 hoc
1067 2514 1223 2583 victoriae

176 2645 276 2717 spem
296 2638 417 2712 perum
430 2618 572 2691 ,firmam
588 2617 765 2699 ¹cernebam
796 2615 869 2698 illa,
903 2616 995 2710 quod
1017 2635 1050 2685 et
1070 2636 1147 2685 ante
1167 2641 1223 2683 re-

178 2721 432 2805 latas-&muneris
446 2722 604 2797 ,rationes
617 2737 665 2791 set
693 2723 731 2787 in
758 2721 885 2793 theatro
899 2723 1148 2814 Dionysiorum
1169 2746 1222 2790 so-

132 2876 144 2892 ,
177 2825 351 2901 lemnitete
371 2841 496 2897 corona
516 2823 780 2899 Demosthenem
801 2825 989 2894 ornandum
1000 2829 1129 2897 senatui
1141 2849 1222 2919 pro-

100 2970 103 2975 ·
132 2933 133 2937 ’
176 2945 335 3030 posuerat
356 2929 576 3023 ctesiphom-2
589 2929 701 2997 invitis
722 2927 852 3020 legibus
879 2928 1012 3000 decreta
1040 2952 1120 3013 esse,
1150 2953 1223 2998 ecr-

174 3036 547 3131 tissimiset‘gum‘cntis
568 3035 728 3112 evincere
757 3036 879 3126 potuit.
932 3034 1023 3101 Haec
1052 3034 1155 3125 igitur
1181 3035 1220 3101 in
1249 3127 1253 3133 Χ

175 3144 328 3217 cranone
348 3165 408 3211 sua
428 3140 539 3232 primo
560 3135 636 3211 loco
657 3137 807 3220 exhibet,
838 3136 1093 3231 Ctesiphontem
1112 3139 1149 3204 in
1172 3140 1220 3206 eis

107 3258 111 3267 '
175 3269 331 3342 peccasse
367 3245 584 3336 integerrima
621 3242 753 3336 legum-
773 3243 968 3312 auetoritate
1003 3239 1219 3326 demonstrat,

155 3341 166 3375 ³
177 3350 327 3447 denique
348 3375 368 3421 a
388 3347 558 3419 iudicibus
588 3340 674 3440 petit
680 3340 700 3429 ,’
721 3363 855 3440 utque
884 3347 958 3439 ipse
978 3345 1098 3415 ordine
1121 3370 1219 3415 accu-

173 3456 307 3538 saverit,
335 3452 455 3523 eodem
480 3451 552 3521 solo
581 3451 837 3544 Ctesiphontem
858 3475 879 3517 a
905 3449 1132 3517 Demosthene
1158 3450 1220 3520 de-

174 3559 269 3635 sandi
290 3575 494 3652 paterentur),
515 3583 549 3651 p.
561 3558 604 3627 83
622 3554 713 3623 med.
737 3555 789 3622 ed
805 3553 921 3646 Steph.
965 3554 1012 3621 At
1022 3554 1222 3623 Demosthe-

170 3690 235 3736 mes
250 3665 344 3733 hone
365 3663 550 3758 prospectis
573 3661 751 3731 adversarii
778 3656 910 3730 insidiis
940 3658 1073 3752 inipso
1097 3662 1220 3727 oratio.

173 3772 228 3843 nis
250 3792 329 3836 suae
351 3765 486 3841 exordio
503 3764 644 3848 ,iudices
665 3763 793 3856 legibus
820 3779 854 3828 et
873 3761 1036 3854 religione
1059 3763 1218 3842 obsecrat,

22 3950 28 3959 ,
123 3887 136 3898 ‘
173 3893 213 3947 ut
234 3872 327 3966 quod
348 3871 422 3967 ipse
442 3868 585 3941 voluerit
605 3894 643 3937 ao
665 3867 829 3960 delegerit
849 3863 978 3934 ordinis
1000 3885 1034 3935 et
1054 3864 1220 3934 defensio-

174 3979 372 4073 tiit=‚gettu8‚
396 3974 438 4049 ,id
452 4026 454 4031 -
467 3975 533 4045 sihi
562 3973 710 4067 benigne
737 3967 933 4041 concedant.
979 3968 1063 4041 Inde
1078 3992 1218 4038 Ιιειιοιειιε
