<?xml version="1.0" encoding="UTF-8"?>
<!DOCTYPE html PUBLIC "-//W3C//DTD XHTML 1.0 Transitional//EN"
    "http://www.w3.org/TR/xhtml1/DTD/xhtml1-transitional.dtd">
<html xmlns="http://www.w3.org/1999/xhtml" xml:lang="en" lang="en">
 <head>
  <title>
</title>
<meta http-equiv="Content-Type" content="text/html;charset=utf-8" />
  <meta name='ocr-system' content='tesseract 3.04.00' />
  <meta name='ocr-capabilities' content='ocr_page ocr_carea ocr_par ocr_line ocrx_word'/>
</head>
<body>
  <div class='ocr_page' id='page_1' title='image "./commentariihist00wiengoog_0382.png"; bbox 0 0 2594 4672; ppageno 0'>
   <div class='ocr_carea' id='block_1_1' title="bbox 566 169 816 322">
    <p class='ocr_par' dir='ltr' id='par_1_1' title="bbox 566 169 816 322">
     <span class='ocr_line' id='line_1_1' title="bbox 566 169 816 322; baseline -0.036 0"><span class='ocrx_word' id='word_1_1' title='bbox 566 169 720 322; x_wconf 66' lang='lat' dir='ltr'><strong>..aa</strong></span> <span class='ocrx_word' id='word_1_2' title='bbox 814 303 816 313; x_wconf 11' lang='grc' dir='ltr'><strong><em>ε</em></strong></span> 
     </span>
    </p>
   </div>
   <div class='ocr_carea' id='block_1_2' title="bbox 107 372 1161 582">
    <p class='ocr_par' dir='ltr' id='par_1_2' title="bbox 107 372 1161 582">
     <span class='ocr_line' id='line_1_2' title="bbox 126 372 1160 480; baseline -0.002 -25"><span class='ocrx_word' id='word_1_3' title='bbox 126 405 219 477; x_wconf 84' lang='lat' dir='ltr'><strong>tegre</strong></span> <span class='ocrx_word' id='word_1_4' title='bbox 241 407 390 452; x_wconf 48' lang='lat' dir='ltr'><strong>*numero</strong></span> <span class='ocrx_word' id='word_1_5' title='bbox 406 372 492 479; x_wconf 30' lang='lat' dir='ltr'><strong>‘peti</strong></span> <span class='ocrx_word' id='word_1_6' title='bbox 522 404 555 454; x_wconf 88' lang='lat' dir='ltr'><strong>et</strong></span> <span class='ocrx_word' id='word_1_7' title='bbox 583 406 661 454; x_wconf 85' lang='lat' dir='ltr'><strong>tam.</strong></span> <span class='ocrx_word' id='word_1_8' title='bbox 678 404 752 480; x_wconf 85' lang='lat' dir='ltr'>apte</span> <span class='ocrx_word' id='word_1_9' title='bbox 784 385 985 454; x_wconf 88' lang='lat' dir='ltr'><strong>orationibus</strong></span> <span class='ocrx_word' id='word_1_10' title='bbox 1015 387 1160 477; x_wconf 89' lang='lat' dir='ltr'><strong>potuisse</strong></span> 
     </span>
     <span class='ocr_line' id='line_1_3' title="bbox 107 473 1161 582; baseline -0.001 -23"><span class='ocrx_word' id='word_1_11' title='bbox 107 489 238 568; x_wconf 64' lang='lat' dir='ltr'><strong>xinseri</strong></span> <span class='ocrx_word' id='word_1_12' title='bbox 284 489 331 554; x_wconf 84' lang='lat' dir='ltr'><strong>Ex</strong></span> <span class='ocrx_word' id='word_1_13' title='bbox 360 507 455 580; x_wconf 89' lang='lat' dir='ltr'><strong>parte</strong></span> <span class='ocrx_word' id='word_1_14' title='bbox 485 507 574 557; x_wconf 90' lang='lat' dir='ltr'><strong>certe</strong></span> <span class='ocrx_word' id='word_1_15' title='bbox 603 490 644 557; x_wconf 89' lang='lat' dir='ltr'><strong>ab</strong></span> <span class='ocrx_word' id='word_1_16' title='bbox 667 473 747 582; x_wconf 77' lang='lat' dir='ltr'><strong>ipsis</strong></span> <span class='ocrx_word' id='word_1_17' title='bbox 768 492 872 559; x_wconf 89' lang='lat' dir='ltr'><strong>inseri</strong></span> <span class='ocrx_word' id='word_1_18' title='bbox 894 489 1079 575; x_wconf 87' lang='lat' dir='ltr'><strong>oratoribus</strong></span> <span class='ocrx_word' id='word_1_19' title='bbox 1101 513 1161 578; x_wconf 92' lang='lat' dir='ltr'><strong>po-</strong></span> 
     </span>
    </p>
   </div>
   <div class='ocr_carea' id='block_1_3' title="bbox 127 589 1279 661">
    <p class='ocr_par' dir='ltr' id='par_1_3' title="bbox 127 589 1279 661">
     <span class='ocr_line' id='line_1_4' title="bbox 127 589 1279 661; baseline -0.001 -2"><span class='ocrx_word' id='word_1_20' title='bbox 127 607 244 660; x_wconf 86' lang='lat' dir='ltr'><strong>terant.</strong></span> <span class='ocrx_word' id='word_1_21' title='bbox 288 591 338 658; x_wconf 89' lang='lat' dir='ltr'><strong>Ita</strong></span> <span class='ocrx_word' id='word_1_22' title='bbox 365 591 511 660; x_wconf 78' lang='lat' dir='ltr'><strong>additam</strong></span> <span class='ocrx_word' id='word_1_23' title='bbox 543 592 706 659; x_wconf 84' lang='lat' dir='ltr'><strong>Dinarchi</strong></span> <span class='ocrx_word' id='word_1_24' title='bbox 733 595 771 660; x_wconf 94' lang='lat' dir='ltr'><strong>in</strong></span> <span class='ocrx_word' id='word_1_25' title='bbox 804 595 992 661; x_wconf 80' lang='lat' dir='ltr'><strong>Proxenum</strong></span> <span class='ocrx_word' id='word_1_26' title='bbox 1019 593 1161 659; x_wconf 90' lang='lat' dir='ltr'><strong>orationi</strong></span> <span class='ocrx_word' id='word_1_27' title='bbox 1269 589 1279 605; x_wconf 79' lang='grc'><strong>’</strong></span> 
     </span>
    </p>
   </div>
   <div class='ocr_carea' id='block_1_4' title="bbox 122 693 1236 4093">
    <p class='ocr_par' dir='ltr' id='par_1_4' title="bbox 122 693 1236 4093">
     <span class='ocr_line' id='line_1_5' title="bbox 125 693 1159 787; baseline -0.001 -26"><span class='ocrx_word' id='word_1_28' title='bbox 125 693 250 783; x_wconf 74' lang='grc' dir='ltr'><strong><em>γραφήν</em></strong></span> <span class='ocrx_word' id='word_1_29' title='bbox 278 693 409 784; x_wconf 86' lang='lat' dir='ltr'><strong>legebat</strong></span> <span class='ocrx_word' id='word_1_30' title='bbox 443 696 510 761; x_wconf 89' lang='lat' dir='ltr'><strong>iam</strong></span> <span class='ocrx_word' id='word_1_31' title='bbox 542 697 723 787; x_wconf 86' lang='lat' dir='ltr'><strong>Dionysius</strong></span> <span class='ocrx_word' id='word_1_32' title='bbox 760 694 847 763; x_wconf 85' lang='lat' dir='ltr'><strong>Hal:</strong></span> <span class='ocrx_word' id='word_1_33' title='bbox 884 697 1098 762; x_wconf 79' lang='grc' dir='ltr'><strong><em>ἀποδείκνυται</em></strong></span> <span class='ocrx_word' id='word_1_34' title='bbox 1132 694 1159 760; x_wconf 79' lang='lat' dir='ltr'><strong>o&#39;</strong></span> 
     </span>
     <span class='ocr_line' id='line_1_6' title="bbox 128 791 1161 886; baseline 0 -26"><span class='ocrx_word' id='word_1_35' title='bbox 128 795 162 884; x_wconf 86' lang='grc' dir='ltr'><strong>[ό</strong></span> <span class='ocrx_word' id='word_1_36' title='bbox 190 800 259 876; x_wconf 78' lang='grc' dir='ltr'><strong><em>βίος</em></strong></span> <span class='ocrx_word' id='word_1_37' title='bbox 287 794 434 886; x_wconf 79' lang='grc' dir='ltr'><strong><em>τάνδρὸς]</em></strong></span> <span class='ocrx_word' id='word_1_38' title='bbox 469 795 502 874; x_wconf 71' lang='grc' dir='ltr'><strong>ἐξ</strong></span> <span class='ocrx_word' id='word_1_39' title='bbox 530 791 575 865; x_wconf 79' lang='grc' dir='ltr'><strong><em>τόν</em></strong></span> <span class='ocrx_word' id='word_1_40' title='bbox 606 797 702 873; x_wconf 84' lang='grc' dir='ltr'><strong><em>αάτὸς</em></strong></span> <span class='ocrx_word' id='word_1_41' title='bbox 728 800 797 882; x_wconf 84' lang='grc' dir='ltr'><strong><em>περὶ</em></strong></span> <span class='ocrx_word' id='word_1_42' title='bbox 827 796 938 863; x_wconf 77' lang='grc' dir='ltr'><strong><em>ἑαυτοῦ</em></strong></span> <span class='ocrx_word' id='word_1_43' title='bbox 968 796 1161 882; x_wconf 73' lang='grc' dir='ltr'><strong><em>συνέγραψεν</em></strong></span> 
     </span>
     <span class='ocr_line' id='line_1_7' title="bbox 126 894 1161 987; baseline -0.003 -24"><span class='ocrx_word' id='word_1_44' title='bbox 126 898 159 963; x_wconf 75' lang='grc' dir='ltr'><strong><em>ἓν</em></strong></span> <span class='ocrx_word' id='word_1_45' title='bbox 180 902 224 986; x_wconf 81' lang='grc' dir='ltr'><strong>τῷ</strong></span> <span class='ocrx_word' id='word_1_46' title='bbox 239 894 325 987; x_wconf 71' lang='grc' dir='ltr'><strong><em>λόγῳ</em></strong></span> <span class='ocrx_word' id='word_1_47' title='bbox 347 903 392 986; x_wconf 82' lang='grc' dir='ltr'><strong>τῷ</strong></span> <span class='ocrx_word' id='word_1_48' title='bbox 421 897 502 963; x_wconf 77' lang='grc' dir='ltr'><strong><em>κατὰ</em></strong></span> <span class='ocrx_word' id='word_1_49' title='bbox 522 901 701 981; x_wconf 76' lang='grc' dir='ltr'><strong><em>Προξένου,</em></strong></span> <span class='ocrx_word' id='word_1_50' title='bbox 732 897 768 975; x_wconf 85' lang='grc' dir='ltr'><strong>ός</strong></span> <span class='ocrx_word' id='word_1_51' title='bbox 789 899 907 984; x_wconf 72' lang='grc' dir='ltr'><strong><em>εἴρηται</em></strong></span> <span class='ocrx_word' id='word_1_52' title='bbox 927 901 984 981; x_wconf 73' lang='grc' dir='ltr'><strong><em>μὲν</em></strong></span> <span class='ocrx_word' id='word_1_53' title='bbox 1003 898 1082 979; x_wconf 75' lang='grc' dir='ltr'><strong><em>μετὰ</em></strong></span> <span class='ocrx_word' id='word_1_54' title='bbox 1104 898 1161 980; x_wconf 82' lang='grc' dir='ltr'><strong><em>τὴν</em></strong></span> 
     </span>
     <span class='ocr_line' id='line_1_8' title="bbox 125 998 1162 1088; baseline -0.002 -25"><span class='ocrx_word' id='word_1_55' title='bbox 125 998 236 1088; x_wconf 76' lang='grc' dir='ltr'><strong><em>φυγήν,</em></strong></span> <span class='ocrx_word' id='word_1_56' title='bbox 264 999 481 1087; x_wconf 80' lang='grc' dir='ltr'><strong><em>προςκειμένην</em></strong></span> <span class='ocrx_word' id='word_1_57' title='bbox 508 1001 534 1062; x_wconf 85' lang='lat' dir='ltr'><strong>d’</strong></span> <span class='ocrx_word' id='word_1_58' title='bbox 562 1000 621 1083; x_wconf 61' lang='grc' dir='ltr'><strong><em>ἔχει</em></strong></span> <span class='ocrx_word' id='word_1_59' title='bbox 649 1000 708 1082; x_wconf 77' lang='grc' dir='ltr'><strong><em>τὴν</em></strong></span> <span class='ocrx_word' id='word_1_60' title='bbox 736 999 861 1087; x_wconf 77' lang='grc' dir='ltr'><strong><em>γραφὴν</em></strong></span> <span class='ocrx_word' id='word_1_61' title='bbox 891 998 1022 1083; x_wconf 77' lang='grc' dir='ltr'><strong><em>ταύτην·</em></strong></span> <span class='ocrx_word' id='word_1_62' title='bbox 1059 1001 1162 1078; x_wconf 77' lang='lat' dir='ltr'><strong>„Ael-</strong></span> 
     </span>
     <span class='ocr_line' id='line_1_9' title="bbox 125 1093 1161 1195; baseline -0.004 -27"><span class='ocrx_word' id='word_1_63' title='bbox 125 1127 239 1195; x_wconf 84' lang='grc' dir='ltr'><strong><em>ναρχος</em></strong></span> <span class='ocrx_word' id='word_1_64' title='bbox 261 1100 450 1185; x_wconf 81' lang='grc' dir='ltr'><strong><em>Σωστράτου</em></strong></span> <span class='ocrx_word' id='word_1_65' title='bbox 472 1102 646 1188; x_wconf 73' lang='grc' dir='ltr'><strong><em>Κορίνθιος</em></strong></span> <span class='ocrx_word' id='word_1_66' title='bbox 658 1103 818 1192; x_wconf 74' lang='grc' dir='ltr'><strong><em>Προξένῳ,</em></strong></span> <span class='ocrx_word' id='word_1_67' title='bbox 843 1093 1019 1190; x_wconf 77' lang='grc' dir='ltr'><strong><em>ᾧσόνειμι,</em></strong></span> <span class='ocrx_word' id='word_1_68' title='bbox 1039 1100 1161 1184; x_wconf 84' lang='grc' dir='ltr'><strong><em>βλάβης</em></strong></span> 
     </span>
     <span class='ocr_line' id='line_1_10' title="bbox 124 1202 1161 1272; baseline -0.005 0"><span class='ocrx_word' id='word_1_69' title='bbox 124 1205 286 1272; x_wconf 78' lang='grc' dir='ltr'><strong><em>ταλάντων</em></strong></span> <span class='ocrx_word' id='word_1_70' title='bbox 307 1203 362 1270; x_wconf 71' lang='lat' dir='ltr'><strong>ooo</strong></span> <span class='ocrx_word' id='word_1_71' title='bbox 385 1231 413 1271; x_wconf 86' lang='grc' dir='ltr'><strong>κ.</strong></span> <span class='ocrx_word' id='word_1_72' title='bbox 435 1230 463 1269; x_wconf 85' lang='grc' dir='ltr'><strong>τ.</strong></span> <span class='ocrx_word' id='word_1_73' title='bbox 486 1209 532 1269; x_wconf 68' lang='lat' dir='ltr'><strong>t„-</strong></span> <span class='ocrx_word' id='word_1_74' title='bbox 556 1202 597 1269; x_wconf 93' lang='lat' dir='ltr'><strong>de</strong></span> <span class='ocrx_word' id='word_1_75' title='bbox 614 1204 785 1270; x_wconf 91' lang='lat' dir='ltr'><strong>Dinarcho</strong></span> <span class='ocrx_word' id='word_1_76' title='bbox 808 1203 910 1269; x_wconf 90' lang='lat' dir='ltr'><strong>indic.</strong></span> <span class='ocrx_word' id='word_1_77' title='bbox 925 1227 952 1268; x_wconf 91' lang='lat' dir='ltr'><strong>c.</strong></span> <span class='ocrx_word' id='word_1_78' title='bbox 968 1205 998 1270; x_wconf 80' lang='lat'><strong>3.</strong></span> <span class='ocrx_word' id='word_1_79' title='bbox 1042 1203 1161 1270; x_wconf 86' lang='lat' dir='ltr'><strong>Nostra</strong></span> 
     </span>
     <span class='ocr_line' id='line_1_11' title="bbox 125 1305 1161 1396; baseline -0.004 -21"><span class='ocrx_word' id='word_1_80' title='bbox 125 1305 236 1375; x_wconf 82' lang='lat' dir='ltr'><strong>autem</strong></span> <span class='ocrx_word' id='word_1_81' title='bbox 259 1306 329 1385; x_wconf 90' lang='lat' dir='ltr'><strong>illa,</strong></span> <span class='ocrx_word' id='word_1_82' title='bbox 353 1325 391 1372; x_wconf 93' lang='lat' dir='ltr'><strong>ut</strong></span> <span class='ocrx_word' id='word_1_83' title='bbox 413 1324 540 1378; x_wconf 85' lang='lat' dir='ltr'><strong>certum</strong></span> <span class='ocrx_word' id='word_1_84' title='bbox 563 1325 627 1387; x_wconf 88' lang='lat' dir='ltr'><strong>est,</strong></span> <span class='ocrx_word' id='word_1_85' title='bbox 658 1330 730 1374; x_wconf 89' lang='lat' dir='ltr'><strong>non</strong></span> <span class='ocrx_word' id='word_1_86' title='bbox 748 1322 790 1372; x_wconf 82' lang='lat' dir='ltr'><strong>&#39;ea</strong></span> <span class='ocrx_word' id='word_1_87' title='bbox 811 1309 848 1372; x_wconf 91' lang='lat' dir='ltr'><strong>in</strong></span> <span class='ocrx_word' id='word_1_88' title='bbox 869 1308 980 1396; x_wconf 91' lang='lat' dir='ltr'><strong>prima</strong></span> <span class='ocrx_word' id='word_1_89' title='bbox 1002 1307 1161 1372; x_wconf 89' lang='lat' dir='ltr'><strong>orationis</strong></span> 
     </span>
     <span class='ocr_line' id='line_1_12' title="bbox 125 1407 1229 1490; baseline -0.003 -12"><span class='ocrx_word' id='word_1_90' title='bbox 125 1410 168 1478; x_wconf 91' lang='lat' dir='ltr'><strong>de</strong></span> <span class='ocrx_word' id='word_1_91' title='bbox 191 1434 258 1478; x_wconf 89' lang='lat' dir='ltr'><strong>cor.</strong></span> <span class='ocrx_word' id='word_1_92' title='bbox 282 1410 429 1477; x_wconf 89' lang='lat' dir='ltr'><strong>editione</strong></span> <span class='ocrx_word' id='word_1_93' title='bbox 451 1410 629 1490; x_wconf 77' lang='lat' dir='ltr'><strong>exstitisse,</strong></span> <span class='ocrx_word' id='word_1_94' title='bbox 659 1411 706 1476; x_wconf 85' lang='lat' dir='ltr'><strong>ita</strong></span> <span class='ocrx_word' id='word_1_95' title='bbox 727 1407 985 1478; x_wconf 87' lang='lat' dir='ltr'><strong>consentaneum</strong></span> <span class='ocrx_word' id='word_1_96' title='bbox 1004 1424 1064 1488; x_wconf 91' lang='lat' dir='ltr'><strong>est,</strong></span> <span class='ocrx_word' id='word_1_97' title='bbox 1087 1430 1160 1475; x_wconf 88' lang='lat' dir='ltr'><strong>sero</strong></span> <span class='ocrx_word' id='word_1_98' title='bbox 1222 1408 1229 1417; x_wconf 83' lang='grc'><strong>’</strong></span> 
     </span>
     <span class='ocr_line' id='line_1_13' title="bbox 125 1511 1160 1591; baseline -0.006 -11"><span class='ocrx_word' id='word_1_99' title='bbox 125 1513 262 1580; x_wconf 90' lang='lat' dir='ltr'><strong>demum</strong></span> <span class='ocrx_word' id='word_1_100' title='bbox 284 1512 421 1581; x_wconf 88' lang='lat' dir='ltr'><strong>collecta</strong></span> <span class='ocrx_word' id='word_1_101' title='bbox 443 1530 476 1578; x_wconf 91' lang='lat' dir='ltr'><strong>et</strong></span> <span class='ocrx_word' id='word_1_102' title='bbox 497 1515 640 1580; x_wconf 83' lang='lat' dir='ltr'><strong>orationi</strong></span> <span class='ocrx_word' id='word_1_103' title='bbox 655 1511 766 1580; x_wconf 90' lang='lat' dir='ltr'><strong>addita</strong></span> <span class='ocrx_word' id='word_1_104' title='bbox 783 1537 861 1579; x_wconf 89' lang='lat' dir='ltr'><strong>esse.</strong></span> <span class='ocrx_word' id='word_1_105' title='bbox 907 1513 1044 1582; x_wconf 88' lang='lat' dir='ltr'><strong>Errores</strong></span> <span class='ocrx_word' id='word_1_106' title='bbox 1059 1512 1160 1591; x_wconf 90' lang='lat' dir='ltr'><strong>enim,</strong></span> 
     </span>
     <span class='ocr_line' id='line_1_14' title="bbox 125 1614 1161 1707; baseline -0.006 -22"><span class='ocrx_word' id='word_1_107' title='bbox 125 1617 208 1707; x_wconf 79' lang='lat' dir='ltr'><strong>qnos</strong></span> <span class='ocrx_word' id='word_1_108' title='bbox 230 1618 267 1682; x_wconf 90' lang='lat' dir='ltr'><strong>in</strong></span> <span class='ocrx_word' id='word_1_109' title='bbox 290 1617 369 1682; x_wconf 86' lang='lat' dir='ltr'><strong>actis</strong></span> <span class='ocrx_word' id='word_1_110' title='bbox 390 1615 444 1682; x_wconf 90' lang='lat' dir='ltr'><strong>his</strong></span> <span class='ocrx_word' id='word_1_111' title='bbox 466 1614 664 1706; x_wconf 85' lang='lat' dir='ltr'><strong>colligendis</strong></span> <span class='ocrx_word' id='word_1_112' title='bbox 687 1617 876 1683; x_wconf 91' lang='lat' dir='ltr'><strong>commissos</strong></span> <span class='ocrx_word' id='word_1_113' title='bbox 898 1615 1161 1697; x_wconf 87' lang='lat' dir='ltr'><strong>monstravimus,</strong></span> 
     </span>
     <span class='ocr_line' id='line_1_15' title="bbox 125 1719 1161 1810; baseline -0.005 -23"><span class='ocrx_word' id='word_1_114' title='bbox 125 1739 198 1788; x_wconf 92' lang='lat' dir='ltr'><strong>tum</strong></span> <span class='ocrx_word' id='word_1_115' title='bbox 228 1719 363 1785; x_wconf 90' lang='lat' dir='ltr'><strong>demum</strong></span> <span class='ocrx_word' id='word_1_116' title='bbox 384 1720 532 1810; x_wconf 90' lang='lat' dir='ltr'><strong>irrepere</strong></span> <span class='ocrx_word' id='word_1_117' title='bbox 554 1737 589 1785; x_wconf 92' lang='lat' dir='ltr'><strong>et</strong></span> <span class='ocrx_word' id='word_1_118' title='bbox 609 1721 838 1785; x_wconf 85' lang='lat' dir='ltr'><strong>increbescere</strong></span> <span class='ocrx_word' id='word_1_119' title='bbox 859 1736 1028 1808; x_wconf 89' lang='lat' dir='ltr'><strong>poterant,</strong></span> <span class='ocrx_word' id='word_1_120' title='bbox 1056 1741 1161 1809; x_wconf 92' lang='lat' dir='ltr'><strong>quum</strong></span> 
     </span>
     <span class='ocr_line' id='line_1_16' title="bbox 124 1820 1163 1914; baseline -0.005 -24"><span class='ocrx_word' id='word_1_121' title='bbox 124 1825 312 1890; x_wconf 89' lang='lat' dir='ltr'><strong>remotioris</strong></span> <span class='ocrx_word' id='word_1_122' title='bbox 335 1824 539 1914; x_wconf 88' lang='lat' dir='ltr'><strong>antiquitatis</strong></span> <span class='ocrx_word' id='word_1_123' title='bbox 563 1822 748 1911; x_wconf 84' lang='lat' dir='ltr'><strong>ignorantia</strong></span> <span class='ocrx_word' id='word_1_124' title='bbox 776 1820 1063 1914; x_wconf 83' lang='lat' dir='ltr'><strong>longiusserpere</strong></span> <span class='ocrx_word' id='word_1_125' title='bbox 1086 1842 1163 1886; x_wconf 89' lang='lat' dir='ltr'><strong>coe·</strong></span> 
     </span>
     <span class='ocr_line' id='line_1_17' title="bbox 123 1923 1172 2018; baseline -0.004 -26"><span class='ocrx_word' id='word_1_126' title='bbox 123 1927 186 2018; x_wconf 93' lang='lat' dir='ltr'><strong>pit.</strong></span> <span class='ocrx_word' id='word_1_127' title='bbox 231 1927 385 2018; x_wconf 84' lang='lat' dir='ltr'><strong>Dionysii</strong></span> <span class='ocrx_word' id='word_1_128' title='bbox 407 1944 496 1992; x_wconf 91' lang='lat' dir='ltr'><strong>certe</strong></span> <span class='ocrx_word' id='word_1_129' title='bbox 525 1925 597 1990; x_wconf 90' lang='lat' dir='ltr'><strong>Hal.</strong></span> <span class='ocrx_word' id='word_1_130' title='bbox 630 1945 734 1994; x_wconf 88' lang='lat' dir='ltr'><strong>aetate</strong></span> <span class='ocrx_word' id='word_1_131' title='bbox 762 1926 963 2018; x_wconf 83' lang='lat' dir='ltr'><strong>invalescere</strong></span> <span class='ocrx_word' id='word_1_132' title='bbox 990 1923 1046 1990; x_wconf 92' lang='lat' dir='ltr'><strong>illa</strong></span> <span class='ocrx_word' id='word_1_133' title='bbox 1075 1928 1172 1991; x_wconf 53' lang='lat' dir='ltr'><strong>non?</strong></span> 
     </span>
     <span class='ocr_line' id='line_1_18' title="bbox 124 2027 1160 2120; baseline -0.002 -24"><span class='ocrx_word' id='word_1_134' title='bbox 124 2028 206 2096; x_wconf 90' lang='lat' dir='ltr'><strong>dum</strong></span> <span class='ocrx_word' id='word_1_135' title='bbox 226 2048 396 2120; x_wconf 76' lang='lat' dir='ltr'><strong>poterant,</strong></span> <span class='ocrx_word' id='word_1_136' title='bbox 424 2028 513 2110; x_wconf 89' lang='lat' dir='ltr'><strong>licet,</strong></span> <span class='ocrx_word' id='word_1_137' title='bbox 538 2027 634 2118; x_wconf 89' lang='lat' dir='ltr'><strong>quod</strong></span> <span class='ocrx_word' id='word_1_138' title='bbox 655 2028 698 2095; x_wconf 91' lang='lat' dir='ltr'><strong>ad</strong></span> <span class='ocrx_word' id='word_1_139' title='bbox 719 2027 818 2095; x_wconf 91' lang='lat' dir='ltr'><strong>illum</strong></span> <span class='ocrx_word' id='word_1_140' title='bbox 843 2048 1011 2097; x_wconf 89' lang='lat' dir='ltr'><strong>auctorem</strong></span> <span class='ocrx_word' id='word_1_141' title='bbox 1032 2029 1160 2109; x_wconf 86' lang='lat' dir='ltr'><strong>attinet,</strong></span> 
     </span>
     <span class='ocr_line' id='line_1_19' title="bbox 123 2132 1160 2225; baseline -0.002 -26"><span class='ocrx_word' id='word_1_142' title='bbox 123 2132 189 2199; x_wconf 90' lang='lat' dir='ltr'><strong>hoc</strong></span> <span class='ocrx_word' id='word_1_143' title='bbox 218 2132 430 2210; x_wconf 81' lang='lat' dir='ltr'><strong>solummodo.</strong></span> <span class='ocrx_word' id='word_1_144' title='bbox 456 2134 632 2198; x_wconf 87' lang='lat' dir='ltr'><strong>asseverari</strong></span> <span class='ocrx_word' id='word_1_145' title='bbox 660 2136 782 2220; x_wconf 89' lang='lat' dir='ltr'><strong>possit,</strong></span> <span class='ocrx_word' id='word_1_146' title='bbox 811 2159 913 2225; x_wconf 91' lang='lat' dir='ltr'><strong>quam</strong></span> <span class='ocrx_word' id='word_1_147' title='bbox 941 2157 1003 2201; x_wconf 86' lang='lat' dir='ltr'><strong>nos</strong></span> <span class='ocrx_word' id='word_1_148' title='bbox 1030 2134 1095 2225; x_wconf 86' lang='lat' dir='ltr'><strong>ipsi</strong></span> <span class='ocrx_word' id='word_1_149' title='bbox 1122 2135 1160 2198; x_wconf 91' lang='lat' dir='ltr'><strong>in</strong></span> 
     </span>
     <span class='ocr_line' id='line_1_20' title="bbox 122 2232 1160 2328; baseline -0.004 -25"><span class='ocrx_word' id='word_1_150' title='bbox 122 2236 298 2328; x_wconf 86' lang='lat' dir='ltr'><strong>posteriori</strong></span> <span class='ocrx_word' id='word_1_151' title='bbox 321 2235 477 2302; x_wconf 89' lang='lat' dir='ltr'><strong>orationis</strong></span> <span class='ocrx_word' id='word_1_152' title='bbox 498 2252 593 2325; x_wconf 88' lang='lat' dir='ltr'><strong>parte</strong></span> <span class='ocrx_word' id='word_1_153' title='bbox 615 2258 648 2322; x_wconf 92' lang='lat' dir='ltr'><strong>p.</strong></span> <span class='ocrx_word' id='word_1_154' title='bbox 673 2238 736 2322; x_wconf 79' lang='lat'><strong>298</strong></span> <span class='ocrx_word' id='word_1_155' title='bbox 760 2232 984 2300; x_wconf 87' lang='lat' dir='ltr'><strong>desideramus</strong></span> <span class='ocrx_word' id='word_1_156' title='bbox 1007 2236 1160 2326; x_wconf 66' lang='lat' dir='ltr'><strong>Bhilippi</strong></span> 
     </span>
     <span class='ocr_line' id='line_1_21' title="bbox 123 2335 1236 2431; baseline -0.005 -23"><span class='ocrx_word' id='word_1_157' title='bbox 123 2336 312 2431; x_wconf 79' lang='lat' dir='ltr'><strong>epist&#39;olam,</strong></span> <span class='ocrx_word' id='word_1_158' title='bbox 341 2336 439 2402; x_wconf 91' lang='lat' dir='ltr'><strong>illum</strong></span> <span class='ocrx_word' id='word_1_159' title='bbox 472 2338 573 2403; x_wconf 90' lang='lat' dir='ltr'><strong>etiam</strong></span> <span class='ocrx_word' id='word_1_160' title='bbox 603 2359 671 2402; x_wconf 87' lang='lat' dir='ltr'><strong>non</strong></span> <span class='ocrx_word' id='word_1_161' title='bbox 701 2335 818 2428; x_wconf 83' lang='lat' dir='ltr'><strong>legisse</strong></span> <span class='ocrx_word' id='word_1_162' title='bbox 847 2336 963 2403; x_wconf 86' lang='lat' dir='ltr'><strong>videri.</strong></span> <span class='ocrx_word' id='word_1_163' title='bbox 1016 2338 1101 2417; x_wconf 81' lang='lat' dir='ltr'><strong>Nam</strong></span> <span class='ocrx_word' id='word_1_164' title='bbox 1123 2341 1160 2402; x_wconf 89' lang='lat' dir='ltr'><strong>in</strong></span> <span class='ocrx_word' id='word_1_165' title='bbox 1232 2385 1236 2392; x_wconf 83' lang='lat'><em>-</em></span> 
     </span>
     <span class='ocr_line' id='line_1_22' title="bbox 123 2438 1228 2534; baseline -0.004 -26"><span class='ocrx_word' id='word_1_166' title='bbox 123 2443 230 2534; x_wconf 87' lang='lat' dir='ltr'><strong>Epist.</strong></span> <span class='ocrx_word' id='word_1_167' title='bbox 253 2438 296 2506; x_wconf 92' lang='lat' dir='ltr'><strong>ad</strong></span> <span class='ocrx_word' id='word_1_168' title='bbox 318 2443 428 2506; x_wconf 88' lang='lat' dir='ltr'><strong>Amm.</strong></span> <span class='ocrx_word' id='word_1_169' title='bbox 452 2465 480 2507; x_wconf 90' lang='lat' dir='ltr'><strong>c.</strong></span> <span class='ocrx_word' id='word_1_170' title='bbox 508 2465 555 2506; x_wconf 82' lang='grc' dir='ltr'><strong>ιι.</strong></span> <span class='ocrx_word' id='word_1_171' title='bbox 578 2458 754 2531; x_wconf 88' lang='lat' dir='ltr'><strong>postquam</strong></span> <span class='ocrx_word' id='word_1_172' title='bbox 776 2441 931 2507; x_wconf 87' lang='lat' dir='ltr'><strong>orationis</strong></span> <span class='ocrx_word' id='word_1_173' title='bbox 944 2441 1050 2530; x_wconf 91' lang='lat' dir='ltr'><strong>ipsius</strong></span> <span class='ocrx_word' id='word_1_174' title='bbox 1060 2441 1180 2508; x_wconf 81' lang='lat' dir='ltr'><strong>verba.</strong></span> <span class='ocrx_word' id='word_1_175' title='bbox 1226 2509 1228 2512; x_wconf 63' lang='grc'><strong><em>,</em></strong></span> 
     </span>
     <span class='ocr_line' id='line_1_23' title="bbox 124 2542 1160 2631; baseline -0.004 -18"><span class='ocrx_word' id='word_1_176' title='bbox 124 2543 277 2613; x_wconf 87' lang='lat' dir='ltr'><strong>attulerat</strong></span> <span class='ocrx_word' id='word_1_177' title='bbox 297 2545 394 2610; x_wconf 87' lang='lat' dir='ltr'><strong>haec:</strong></span> <span class='ocrx_word' id='word_1_178' title='bbox 417 2542 487 2627; x_wconf 62' lang='lat' dir='ltr'><strong>„og</strong></span> <span class='ocrx_word' id='word_1_179' title='bbox 514 2547 540 2611; x_wconf 82' lang='grc' dir='ltr'><strong>δ’</strong></span> <span class='ocrx_word' id='word_1_180' title='bbox 570 2543 751 2631; x_wconf 75' lang='grc' dir='ltr'><strong><em>ἀφικόμεθα</em></strong></span> <span class='ocrx_word' id='word_1_181' title='bbox 778 2546 809 2620; x_wconf 77' lang='grc' dir='ltr'><strong>ἐς</strong></span> <span class='ocrx_word' id='word_1_182' title='bbox 834 2543 892 2620; x_wconf 78' lang='grc' dir='ltr'><strong>τὰς</strong></span> <span class='ocrx_word' id='word_1_183' title='bbox 916 2543 1040 2628; x_wconf 77' lang='grc' dir='ltr'><strong><em>Θήβας,</em></strong></span> <span class='ocrx_word' id='word_1_184' title='bbox 1069 2570 1160 2613; x_wconf 83' lang='grc' dir='ltr'><strong><em>κατε-</em></strong></span> 
     </span>
     <span class='ocr_line' id='line_1_24' title="bbox 123 2634 1160 2733; baseline -0.005 -15"><span class='ocrx_word' id='word_1_185' title='bbox 123 2649 323 2733; x_wconf 76' lang='grc' dir='ltr'><strong><em>λαμβάνομεν</em></strong></span> <span class='ocrx_word' id='word_1_186' title='bbox 348 2651 504 2714; x_wconf 80' lang='grc' dir='ltr'><strong><em>Φιλότιτιου</em></strong></span> <span class='ocrx_word' id='word_1_187' title='bbox 531 2634 588 2713; x_wconf 64' lang='grc' dir='ltr'><em>καῖ</em></span> <span class='ocrx_word' id='word_1_188' title='bbox 607 2649 772 2713; x_wconf 79' lang='grc' dir='ltr'><strong><em>Θετταλῶν</em></strong></span> <span class='ocrx_word' id='word_1_189' title='bbox 798 2650 848 2730; x_wconf 84' lang='grc' dir='ltr'><strong>καὶ</strong></span> <span class='ocrx_word' id='word_1_190' title='bbox 871 2653 934 2713; x_wconf 82' lang='grc' dir='ltr'><strong><em>τῶν</em></strong></span> <span class='ocrx_word' id='word_1_191' title='bbox 955 2647 1057 2712; x_wconf 81' lang='grc' dir='ltr'><strong><em>ἀλλων</em></strong></span> <span class='ocrx_word' id='word_1_192' title='bbox 1079 2671 1160 2730; x_wconf 89' lang='grc' dir='ltr'><strong><em>συμ-</em></strong></span> 
     </span>
     <span class='ocr_line' id='line_1_25' title="bbox 122 2748 1234 2841; baseline -0.002 -22"><span class='ocrx_word' id='word_1_193' title='bbox 122 2751 235 2839; x_wconf 76' lang='grc' dir='ltr'><strong><em>μάχων</em></strong></span> <span class='ocrx_word' id='word_1_194' title='bbox 255 2752 412 2841; x_wconf 84' lang='grc' dir='ltr'><strong><em>παρόντας</em></strong></span> <span class='ocrx_word' id='word_1_195' title='bbox 433 2753 576 2838; x_wconf 74' lang='grc' dir='ltr'><strong><em>πρέσβεις</em></strong></span> <span class='ocrx_word' id='word_1_196' title='bbox 601 2755 651 2819; x_wconf 79' lang='grc' dir='ltr'><strong>καὶ</strong></span> <span class='ocrx_word' id='word_1_197' title='bbox 679 2752 752 2828; x_wconf 78' lang='grc' dir='ltr'><strong><em>τοὺς</em></strong></span> <span class='ocrx_word' id='word_1_198' title='bbox 779 2752 837 2835; x_wconf 76' lang='grc' dir='ltr'><strong><em>μὲν</em></strong></span> <span class='ocrx_word' id='word_1_199' title='bbox 863 2748 1030 2839; x_wconf 71' lang='grc' dir='ltr'><strong><em>ἡμετέρους</em></strong></span> <span class='ocrx_word' id='word_1_200' title='bbox 1052 2754 1161 2839; x_wconf 85' lang='grc' dir='ltr'><strong><em>φίλους</em></strong></span> <span class='ocrx_word' id='word_1_201' title='bbox 1231 2791 1234 2798; x_wconf 92' lang='grc'>-</span> 
     </span>
     <span class='ocr_line' id='line_1_26' title="bbox 123 2841 1159 2975; baseline -0.005 -51"><span class='ocrx_word' id='word_1_202' title='bbox 123 2858 157 2924; x_wconf 80' lang='grc' dir='ltr'><strong><em>ἔν</em></strong></span> <span class='ocrx_word' id='word_1_203' title='bbox 176 2855 278 2945; x_wconf 84' lang='grc' dir='ltr'><strong><em>φόβῳ,</em></strong></span> <span class='ocrx_word' id='word_1_204' title='bbox 302 2855 376 2932; x_wconf 81' lang='grc' dir='ltr'><strong><em>τοὺς</em></strong></span> <span class='ocrx_word' id='word_1_205' title='bbox 398 2858 424 2920; x_wconf 77' lang='grc' dir='ltr'><strong>δ’</strong></span> <span class='ocrx_word' id='word_1_206' title='bbox 446 2841 559 2923; x_wconf 70' lang='grc' dir='ltr'><strong><em>ἐκείνου</em></strong></span> <span class='ocrx_word' id='word_1_207' title='bbox 589 2862 745 2975; x_wconf 46' lang='lat' dir='ltr'><strong>&amp;pontifi</strong></span> <span class='ocrx_word' id='word_1_208' title='bbox 776 2856 823 2946; x_wconf 92' lang='lat' dir='ltr'><strong>(p.</strong></span> <span class='ocrx_word' id='word_1_209' title='bbox 837 2857 936 2942; x_wconf 54' lang='lat' dir='ltr'><strong>a298),</strong></span> <span class='ocrx_word' id='word_1_210' title='bbox 967 2857 1012 2919; x_wconf 90' lang='lat' dir='ltr'><strong>ita</strong></span> <span class='ocrx_word' id='word_1_211' title='bbox 1035 2857 1159 2947; x_wconf 85' lang='lat' dir='ltr'><strong>pergit:</strong></span> 
     </span>
     <span class='ocr_line' id='line_1_27' title="bbox 124 2958 1161 3043; baseline -0.006 -15"><span class='ocrx_word' id='word_1_212' title='bbox 124 2959 216 3028; x_wconf 59' lang='grc' dir='ltr'><strong><em>ἔμειν’</em></strong></span> <span class='ocrx_word' id='word_1_213' title='bbox 239 2958 445 3040; x_wconf 80' lang='grc' dir='ltr'><strong><em>ἐπιστολήν</em></strong></span> <span class='ocrx_word' id='word_1_214' title='bbox 466 2983 552 3025; x_wconf 91' lang='grc' dir='ltr'><strong><em>τινα</em></strong></span> <span class='ocrx_word' id='word_1_215' title='bbox 573 2959 716 3034; x_wconf 82' lang='grc' dir='ltr'><strong><em>κελεόσας</em></strong></span> <span class='ocrx_word' id='word_1_216' title='bbox 735 2959 973 3043; x_wconf 66' lang='grc' dir='ltr'><strong><em>ἀναγνωσθῆναι</em></strong></span> <span class='ocrx_word' id='word_1_217' title='bbox 987 2961 1073 3023; x_wconf 80' lang='grc' dir='ltr'><strong><em>ταῦτ’</em></strong></span> <span class='ocrx_word' id='word_1_218' title='bbox 1094 2961 1161 3024; x_wconf 80' lang='grc' dir='ltr'><strong><em>ἔπι-</em></strong></span> 
     </span>
     <span class='ocr_line' id='line_1_28' title="bbox 123 3059 1161 3153; baseline -0.003 -22"><span class='ocrx_word' id='word_1_219' title='bbox 123 3066 266 3150; x_wconf 72' lang='grc' dir='ltr'><strong><em>τόθησινε</em></strong></span> <span class='ocrx_word' id='word_1_220' title='bbox 287 3059 416 3152; x_wconf 80' lang='grc' dir='ltr'><strong><em>,,ε’νιειόὴ</em></strong></span> <span class='ocrx_word' id='word_1_221' title='bbox 430 3065 533 3132; x_wconf 84' lang='grc' dir='ltr'><strong><em>τοίνυν</em></strong></span> <span class='ocrx_word' id='word_1_222' title='bbox 543 3090 570 3128; x_wconf 88' lang='grc' dir='ltr'><strong>κ.</strong></span> <span class='ocrx_word' id='word_1_223' title='bbox 583 3089 610 3128; x_wconf 94' lang='grc' dir='ltr'><strong>τ.</strong></span> <span class='ocrx_word' id='word_1_224' title='bbox 623 3069 650 3128; x_wconf 85' lang='grc' dir='ltr'><strong>λ.</strong></span> <span class='ocrx_word' id='word_1_225' title='bbox 679 3060 744 3126; x_wconf 81' lang='lat' dir='ltr'><strong>Vix</strong></span> <span class='ocrx_word' id='word_1_226' title='bbox 757 3062 804 3126; x_wconf 92' lang='lat' dir='ltr'><strong>ita</strong></span> <span class='ocrx_word' id='word_1_227' title='bbox 815 3061 967 3152; x_wconf 84' lang='lat' dir='ltr'><strong>ambigue</strong></span> <span class='ocrx_word' id='word_1_228' title='bbox 979 3062 1161 3153; x_wconf 82' lang='lat' dir='ltr'><strong>Dionysius</strong></span> 
     </span>
     <span class='ocr_line' id='line_1_29' title="bbox 123 3163 1161 3257; baseline -0.005 -22"><span class='ocrx_word' id='word_1_229' title='bbox 123 3176 336 3235; x_wconf 87' lang='lat' dir='ltr'><strong>memorasset</strong></span> <span class='ocrx_word' id='word_1_230' title='bbox 348 3164 530 3257; x_wconf 90' lang='lat' dir='ltr'><strong>epistolam,</strong></span> <span class='ocrx_word' id='word_1_231' title='bbox 549 3169 658 3232; x_wconf 87' lang='lat' dir='ltr'><strong>sicam</strong></span> <span class='ocrx_word' id='word_1_232' title='bbox 669 3163 810 3254; x_wconf 72' lang='lat' dir='ltr'><strong>legisset</strong></span> <span class='ocrx_word' id='word_1_233' title='bbox 834 3165 971 3246; x_wconf 89' lang='lat' dir='ltr'><strong>Contra,</strong></span> <span class='ocrx_word' id='word_1_234' title='bbox 980 3163 1161 3247; x_wconf 80' lang='lat' dir='ltr'><strong>Pollucem,</strong></span> 
     </span>
     <span class='ocr_line' id='line_1_30' title="bbox 123 3267 1162 3367; baseline -0.001 -30"><span class='ocrx_word' id='word_1_235' title='bbox 123 3271 442 3361; x_wconf 88' lang='lat' dir='ltr'><strong>Harpocrationem,</strong></span> <span class='ocrx_word' id='word_1_236' title='bbox 488 3270 685 3364; x_wconf 87' lang='lat' dir='ltr'><strong>Ulpianum·</strong></span> <span class='ocrx_word' id='word_1_237' title='bbox 706 3267 933 3350; x_wconf 87' lang='lat' dir='ltr'><strong>scholiastam,</strong></span> <span class='ocrx_word' id='word_1_238' title='bbox 970 3292 1014 3340; x_wconf 83' lang='lat' dir='ltr'><strong>ne</strong></span> <span class='ocrx_word' id='word_1_239' title='bbox 1045 3293 1162 3367; x_wconf 86' lang='lat' dir='ltr'><strong>recen-</strong></span> 
     </span>
     <span class='ocr_line' id='line_1_31' title="bbox 124 3371 1163 3465; baseline -0.003 -23"><span class='ocrx_word' id='word_1_240' title='bbox 124 3375 225 3442; x_wconf 89' lang='lat' dir='ltr'><strong>tiores</strong></span> <span class='ocrx_word' id='word_1_241' title='bbox 246 3373 430 3440; x_wconf 81' lang='lat' dir='ltr'><strong>lexicorum</strong></span> <span class='ocrx_word' id='word_1_242' title='bbox 457 3393 606 3456; x_wconf 90' lang='lat' dir='ltr'><strong>auctores</strong></span> <span class='ocrx_word' id='word_1_243' title='bbox 633 3396 830 3455; x_wconf 85' lang='lat' dir='ltr'><strong>memorem,</strong></span> <span class='ocrx_word' id='word_1_244' title='bbox 857 3371 974 3465; x_wconf 86' lang='lat' dir='ltr'><strong>legisse</strong></span> <span class='ocrx_word' id='word_1_245' title='bbox 1000 3375 1069 3442; x_wconf 90' lang='lat' dir='ltr'><strong>iam</strong></span> <span class='ocrx_word' id='word_1_246' title='bbox 1090 3397 1163 3440; x_wconf 93' lang='lat' dir='ltr'><strong>mo-</strong></span> 
     </span>
     <span class='ocr_line' id='line_1_32' title="bbox 123 3466 1227 3571; baseline -0.001 -27"><span class='ocrx_word' id='word_1_247' title='bbox 123 3496 284 3571; x_wconf 87' lang='lat' dir='ltr'><strong>numenta</strong></span> <span class='ocrx_word' id='word_1_248' title='bbox 310 3477 382 3543; x_wconf 75' lang='lat' dir='ltr'><strong>‚illa</strong></span> <span class='ocrx_word' id='word_1_249' title='bbox 412 3481 448 3544; x_wconf 92' lang='lat' dir='ltr'><strong>in</strong></span> <span class='ocrx_word' id='word_1_250' title='bbox 482 3481 555 3570; x_wconf 91' lang='lat' dir='ltr'><strong>ipsa</strong></span> <span class='ocrx_word' id='word_1_251' title='bbox 587 3466 820 3544; x_wconf 87' lang='lat' dir='ltr'><strong>Demosthenis</strong></span> <span class='ocrx_word' id='word_1_252' title='bbox 858 3479 1162 3568; x_wconf 81' lang='lat' dir='ltr'><strong>oratione„singu-</strong></span> <span class='ocrx_word' id='word_1_253' title='bbox 1225 3475 1227 3477; x_wconf 62' lang='grc'><strong>’</strong></span> 
     </span>
     <span class='ocr_line' id='line_1_33' title="bbox 125 3579 1160 3674; baseline -0.002 -27"><span class='ocrx_word' id='word_1_254' title='bbox 125 3582 179 3648; x_wconf 91' lang='lat' dir='ltr'><strong>lae</strong></span> <span class='ocrx_word' id='word_1_255' title='bbox 202 3607 280 3674; x_wconf 87' lang='lat' dir='ltr'><strong>quas</strong></span> <span class='ocrx_word' id='word_1_256' title='bbox 305 3607 344 3646; x_wconf 80' lang='lat' dir='ltr'><strong>ex</strong></span> <span class='ocrx_word' id='word_1_257' title='bbox 379 3583 423 3647; x_wconf 88' lang='lat' dir='ltr'><strong>eis</strong></span> <span class='ocrx_word' id='word_1_258' title='bbox 456 3579 592 3664; x_wconf 86' lang='lat' dir='ltr'><strong>laudaut</strong></span> <span class='ocrx_word' id='word_1_259' title='bbox 629 3603 723 3647; x_wconf 91' lang='lat' dir='ltr'><strong>voces</strong></span> <span class='ocrx_word' id='word_1_260' title='bbox 752 3581 980 3672; x_wconf 87' lang='lat' dir='ltr'><strong>dictionesque</strong></span> <span class='ocrx_word' id='word_1_261' title='bbox 1009 3588 1160 3674; x_wconf 88' lang='lat' dir='ltr'><strong>probant.</strong></span> 
     </span>
     <span class='ocr_line' id='line_1_34' title="bbox 124 3684 1160 3777; baseline -0.001 -25"><span class='ocrx_word' id='word_1_262' title='bbox 124 3685 168 3752; x_wconf 81' lang='lat' dir='ltr'><strong>V.</strong></span> <span class='ocrx_word' id='word_1_263' title='bbox 200 3684 367 3752; x_wconf 88' lang='lat' dir='ltr'><strong>Schaeler.</strong></span> <span class='ocrx_word' id='word_1_264' title='bbox 402 3686 560 3777; x_wconf 78' lang='lat' dir='ltr'><strong>Apparet.</strong></span> <span class='ocrx_word' id='word_1_265' title='bbox 592 3685 634 3749; x_wconf 91' lang='lat' dir='ltr'><strong>ad</strong></span> <span class='ocrx_word' id='word_1_266' title='bbox 662 3711 695 3776; x_wconf 94' lang='lat' dir='ltr'><strong>p.</strong></span> <span class='ocrx_word' id='word_1_267' title='bbox 727 3687 788 3752; x_wconf 83' lang='lat'><strong>235</strong></span> <span class='ocrx_word' id='word_1_268' title='bbox 812 3709 863 3751; x_wconf 62' lang='lat' dir='ltr'><strong>vs„</strong></span> <span class='ocrx_word' id='word_1_269' title='bbox 886 3710 942 3767; x_wconf 77' lang='lat'><strong>¹¹3</strong></span> <span class='ocrx_word' id='word_1_270' title='bbox 967 3714 999 3777; x_wconf 90' lang='lat' dir='ltr'><strong>p.</strong></span> <span class='ocrx_word' id='word_1_271' title='bbox 1024 3688 1096 3752; x_wconf 78' lang='lat'>238.</span> <span class='ocrx_word' id='word_1_272' title='bbox 1125 3691 1160 3751; x_wconf 77' lang='lat'><strong>15</strong></span> 
     </span>
     <span class='ocr_line' id='line_1_35' title="bbox 126 3776 1162 3882; baseline -0.006 -24"><span class='ocrx_word' id='word_1_273' title='bbox 126 3809 161 3858; x_wconf 88' lang='lat' dir='ltr'><strong>et</strong></span> <span class='ocrx_word' id='word_1_274' title='bbox 183 3776 302 3882; x_wconf 43' lang='lat' dir='ltr'><strong>283&#39;p.</strong></span> <span class='ocrx_word' id='word_1_275' title='bbox 327 3787 398 3874; x_wconf 69' lang='lat'><strong>243.</strong></span> <span class='ocrx_word' id='word_1_276' title='bbox 439 3813 470 3854; x_wconf 83' lang='grc' dir='ltr'><strong>ιι</strong></span> <span class='ocrx_word' id='word_1_277' title='bbox 510 3807 543 3855; x_wconf 86' lang='lat' dir='ltr'><strong>et</strong></span> <span class='ocrx_word' id='word_1_278' title='bbox 566 3813 624 3878; x_wconf 79' lang='lat'><strong>273</strong></span> <span class='ocrx_word' id='word_1_279' title='bbox 656 3788 729 3875; x_wconf 73' lang='grc' dir='ltr'><strong>υάἀ.</strong></span> <span class='ocrx_word' id='word_1_280' title='bbox 754 3792 791 3872; x_wconf 79' lang='lat'><strong>33</strong></span> <span class='ocrx_word' id='word_1_281' title='bbox 822 3781 894 3878; x_wconf 66' lang='lat'><strong>249</strong></span> <span class='ocrx_word' id='word_1_282' title='bbox 923 3783 1080 3874; x_wconf 68' lang='lat'><strong>113253.</strong></span> <span class='ocrx_word' id='word_1_283' title='bbox 1113 3782 1162 3857; x_wconf 74' lang='lat'><strong>131</strong></span> 
     </span>
     <span class='ocr_line' id='line_1_36' title="bbox 127 3890 1165 3986; baseline -0.004 -24"><span class='ocrx_word' id='word_1_284' title='bbox 127 3897 244 3986; x_wconf 86' lang='lat' dir='ltr'><strong>Itaque</strong></span> <span class='ocrx_word' id='word_1_285' title='bbox 268 3912 343 3958; x_wconf 88' lang='lat' dir='ltr'><strong>ante</strong></span> <span class='ocrx_word' id='word_1_286' title='bbox 366 3893 488 3959; x_wconf 89' lang='lat' dir='ltr'><strong>horum</strong></span> <span class='ocrx_word' id='word_1_287' title='bbox 511 3894 710 3984; x_wconf 90' lang='lat' dir='ltr'><strong>scriptorum</strong></span> <span class='ocrx_word' id='word_1_288' title='bbox 740 3911 878 3960; x_wconf 89' lang='lat' dir='ltr'><strong>aatatem</strong></span> <span class='ocrx_word' id='word_1_289' title='bbox 906 3890 1082 3971; x_wconf 85' lang='lat' dir='ltr'><strong>verisimile</strong></span> <span class='ocrx_word' id='word_1_290' title='bbox 1116 3910 1165 3958; x_wconf 86' lang='lat' dir='ltr'><strong>est</strong></span> 
     </span>
     <span class='ocr_line' id='line_1_37' title="bbox 127 3986 1165 4093; baseline -0.003 -27"><span class='ocrx_word' id='word_1_291' title='bbox 127 3986 239 4085; x_wconf 76' lang='lat' dir='ltr'><strong>virum</strong></span> <span class='ocrx_word' id='word_1_292' title='bbox 276 3994 445 4089; x_wconf 75' lang='lat' dir='ltr'><strong>quendam</strong></span> <span class='ocrx_word' id='word_1_293' title='bbox 478 3996 616 4066; x_wconf 90' lang='lat' dir='ltr'><strong>doctum</strong></span> <span class='ocrx_word' id='word_1_294' title='bbox 646 4005 860 4067; x_wconf 86' lang='lat' dir='ltr'><strong>monumenta</strong></span> <span class='ocrx_word' id='word_1_295' title='bbox 896 3996 955 4069; x_wconf 85' lang='lat' dir='ltr'><strong>illa</strong></span> <span class='ocrx_word' id='word_1_296' title='bbox 984 3992 1165 4093; x_wconf 77' lang='lat' dir='ltr'><strong>collegisse,</strong></span> 
     </span>
    </p>
   </div>
   <div class='ocr_carea' id='block_1_5' title="bbox 0 0 1302 4672">
    <p class='ocr_par' dir='ltr' id='par_1_5' title="bbox 0 0 1302 4672">
     <span class='ocr_line' id='line_1_38' title="bbox 0 0 1302 4672; baseline 0 0"><span class='ocrx_word' id='word_1_297' title='bbox 0 0 1302 4672; x_wconf 95' lang='lat' dir='ltr'><strong> </strong></span> 
     </span>
    </p>
   </div>
  </div>
 </body>
</html>
