2594 4672
641 263 792 368 ...³29-

198 435 335 529 publica
357 430 620 505 administranda
645 448 717 497 tum
739 430 976 524 principibus,
998 414 1248 510 Demostheni,

198 536 375 632 Hyperidi,
398 537 567 628 Lycurgo,
599 535 766 617 Diotimo,
787 532 947 615 Nausicli,
971 531 1108 599 Chareti
1131 529 1240 598 adnu-

198 659 382 720 meratum,
412 640 498 732 quin
525 661 611 704 unus
638 637 738 705 homo
761 639 804 705 sit
823 637 1000 728 idemque,
1021 659 1123 704 nemo
1148 653 1239 704 certe

200 744 418 813 addubitabit.
455 734 618 809 ¹Eundem
638 765 716 809 vero
737 758 889 808 nostrum
933 741 1031 807 etiam
1052 736 1156 804 illum
1176 762 1241 832 po-

114 850 118 856 ’
200 849 348 916 sterioris
379 846 504 911 decreti
536 842 774 910 Charidemum
796 868 882 925 esse,
913 846 969 912 vix
996 867 1081 936 opus
1104 860 1156 910 est
1183 842 1242 909 de-

199 969 395 1019 monstrare.
440 946 544 1013 Illum
565 971 643 1014 cum
665 948 813 1014 Diotimo
836 947 1029 1038 expoposcit
1048 945 1242 1012 Alexander

202 1055 259 1140 01.
284 1053 375 1134 CXI,
392 1076 431 1132 ¹2,
453 1051 508 1117 hic
530 1068 629 1143 atque
651 1051 835 1131 Diotimus,
857 1067 999 1140 uterque
1021 1050 1118 1115 simul
1142 1062 1244 1142 prae-

201 1176 269 1239 tor,
304 1158 439 1224 iuvenes
464 1154 502 1219 in
530 1151 743 1245 expeditione
779 1153 960 1231 Salaminia
996 1170 1142 1237 manant,
1181 1153 1243 1220 ille

202 1258 345 1328 mortem
368 1258 452 1325 obiit
475 1255 530 1324 Ol.
556 1257 647 1337 CXI,
669 1256 702 1342 4,
731 1257 827 1325 huius
854 1256 1028 1324 manifesto
1051 1274 1097 1322 ut
1117 1260 1246 1340 mortni

203 1363 444 1430 Demosthenes
475 1362 638 1428 meminit
689 1361 812 1428 Utrum
846 1379 956 1428 tamen
984 1359 1080 1427 Orita
1102 1363 1147 1427 sit
1169 1364 1245 1444 iste,

203 1491 267 1532 nec
287 1491 342 1546 ne,
366 1464 469 1530 ardua
490 1464 668 1557 quaestio.
697 1464 795 1531 Orita
824 1462 961 1556 quidem
990 1461 1045 1529 01.
1077 1446 1193 1547 CVII,
1227 1490 1239 1532 r

204 1569 313 1635 adhuc
335 1571 373 1635 in
396 1568 540 1664 Thracia
571 1566 661 1659 apud
684 1568 935 1660 Cersobleptem
958 1570 1245 1654 commorabatur3

205 1673 261 1739 hic
295 1671 352 1738 Ol.
387 1672 498 1752 CVII,
528 1695 548 1737 2
574 1695 688 1740 mense
717 1671 960 1739 Boedromione
992 1672 1170 1739 Athenis
1208 1676 1247 1740 in
1278 1752 1283 1766 ἱ

175 1775 178 1779 ’
208 1777 452 1843 Chersonesum
480 1777 633 1871 mittitur.
678 1776 794 1866 ltaque
827 1800 933 1866 quum
965 1773 1024 1841 ille
1055 1777 1136 1842 civis
1168 1779 1247 1868 qui'-

207 1879 285 1947 dem
306 1879 406 1945 fuerit
426 1872 658 1960 Atheniensis,
690 1877 749 1944 sed
777 1878 890 1958 factus,
913 1878 1004 1944 hunc
1026 1879 1247 1970 probabiliter

208 1982 329 2049 dixeris
352 2005 472 2072 genere
484 1981 722 2047 Atheniensem
744 1981 843 2047 fuisse
866 1998 996 2047 etcum
1018 1982 1241 2067 hauddubie,

209 2110 310 2178 quem
331 2085 424 2149 brevi
447 2101 523 2150 ante
545 2108 650 2175 quam·
667 2083 796 2150 bellum
818 2083 1130 2176 Amphipolitanum
1139 2086 1243 2153 Athe-

208 2188 381 2256 niensibus
410 2211 486 2252 cum
520 2184 677 2279 Philippo
718 2188 889 2268 exarserit,
927 2213 1003 2255 cum
1035 2189 1243 2282 Antiphonte

211 2291 357 2385 quodam
378 2289 533 2411 legatum
544 2296 583 2357 ab
605 2292 865 2357 Atheniensibus
889 2291 931 2357 ad
947 2293 1143 2384 Philippum
1165 2306 1247 2377 esse,

211 2412 362 2464 acturum
384 2395 426 2460 de
450 2388 611 2474 amicitia,
634 2418 712 2460 cum
734 2418 839 2486 eoque
871 2396 907 2461 τὸ
936 2397 1152 2483 θρυλούμενόν
1172 2425 1247 2468 ποτε

210 2499 388 2605 ἀπόῤῥητον
415 2495 456 2563 de
493 2498 690 2593 Amphipoli
719 2497 977 2565 Atheniensibus
1006 2503 1247 2594 recuperanda,

212 2572 309 2711 quhd
326 2601 566 2668 Demosthenes
596 2602 701 2691 tangit
725 2603 767 2666 in
801 2625 848 2668 or.
878 2602 1018 2694 Olynth
1051 2605 1095 2670 ll.
1129 2633 1164 2699 p.
1199 2631 1248 2698 19,

212 2723 348 2799 pactum
378 2727 458 2784 esse,
498 2704 615 2771 Suidas
648 2703 750 2770 refert
781 2730 810 2771 v
840 2709 872 2772 τί
902 2710 966 2774 ἐστι
991 2707 1027 2773 cd
1050 2712 1082 2774 ἐν
1112 2722 1180 2788 τοῖς
1209 2737 1250 2778 ex

213 2807 424 2900 Theopompi
449 2806 659 2873 historiarum
687 2807 725 2872 L.
750 2809 874 2875 XXXI.
919 2811 960 2877 V.
983 2829 1086 2877 nostr.
1108 2837 1182 2906 cap.
1207 2816 1249 2882 ΙΙ.

218 2937 245 2983 1·
268 2936 302 3004 p.
324 2911 378 2996 41.
423 2910 495 2977 Hoc
515 2928 627 2977 actum
648 2909 738 2978 haud
760 2911 860 2978 dubie
884 2932 933 2980 est
953 2917 990 2980 in
1012 2940 1112 3008 pace,
1135 2943 1249 3010 quam,

206 3041 292 3086 -mox
315 3013 548 3095 dirimendam,
571 3014 628 3081 Ol.
652 3014 730 3096 CV,
753 3039 772 3085 2
796 3020 1018 3112 composuisse
1046 3044 1124 3087 cum
1145 3023 1251 3090 Athe·

190 3121 384 3192 'niensibus
406 3118 612 3210 Philippum,
634 3119 834 3212 Amphipoli
865 3147 952 3190 anno
975 3126 1138 3216 superiori
1161 3125 1250 3197 ultro

215 3225 340 3306 relicta,
383 3221 552 3290 Diodorus
581 3221 681 3291 tradit
713 3223 736 3290 l.
758 3224 860 3306 XVI,
888 3227 920 3311 4.
973 3229 1081 3312 Quam
1111 3230 1252 3298 obrem

216 3329 307 3397 hunc
330 3325 570 3396 Charidemum
593 3328 724 3394 Oritam
746 3350 814 3393 esse
840 3351 910 3396 non
933 3347 982 3397 est
1003 3334 1197 3418 verisimile,
1220 3352 1253 3404 et

217 3424 309 3523 quod
337 3430 397 3501 ille
427 3446 499 3499 tum
528 3431 669 3498 Athenis
696 3433 834 3499 omnino
867 3456 937 3507 non
973 3439 1252 3520 commorabatur,

218 3550 252 3602 et
273 3532 383 3626 quod
385 3555 455 3603 uon
481 3534 659 3601 verisimile
692 3553 756 3617 est,
783 3535 1003 3606 Athenienses
1030 3547 1253 3614 mercenario·

218 3660 295 3705 rum
317 3635 396 3706 duci
417 3634 617 3729 legationem
640 3639 870 3721 demandasse,
901 3659 934 3708 et
962 3642 1054 3736 quod
1082 3646 1182 3715 huius
1204 3653 1254 3716 rei

219 3738 359 3810 nullam
364 3741 569 3809 mentionem
589 3742 668 3810 facit
680 3744 941 3812 Demosthenes
930 3771 968 3812 1n
982 3771 1030 3814 or.
1046 3749 1253 3835 Aristocrat,

220 3843 366 3936 denique
393 3842 486 3935 quod
513 3842 751 3914 Charidemum
779 3850 909 3915 Oritam
940 3850 997 3917 01.
1021 3851 1099 3935 CV,
1124 3878 1162 3935 a,
1188 3882 1255 3948 quo

187 4032 190 4037 ῃ
214 3946 277 4017 illa
298 3966 369 4017 acta
391 3945 601 4031 videntur',
590 3973 658 4017 ram
686 3973 756 4018 non
778 3951 821 4018 ad
841 3952 1073 4049 Amphipolim
1095 3978 1175 4024 eum
1197 3963 1257 4028 Ti-

220 4052 372 4181 ruotheo,
406 4038 522 4123 sedin
551 4054 631 4124 Asia
659 4072 822 4124 versatum
844 4078 917 4126 esse
935 4083 972 4127 ex
993 4061 1176 4130 rationibus
1199 4089 1257 4132 su-
