2594 4672
618 255 684 325 xXll
733 258 736 296 ’,

140 423 178 481 et
204 433 249 479 ex
275 403 436 507 Philippi
464 407 638 509 epistola,
672 411 760 510 quin
785 392 869 531 ipso
897 407 1007 481 etiam
1031 407 1174 482 Demo-³
1204 510 1205 514 Ἰ

140 527 280 600 athenis
308 527 516 634 confirmari
549 528 721 633 decreto,
757 528 860 631 quod
892 543 978 629 post
1010 527 1174 603 Elateam

141 666 288 746 captam
323 641 612 750 scriptumest,
648 652 702 725 Ol.
729 655 808 742 CX,
836 675 857 724 2
886 648 1172 748 Scirophorioue

138 770 240 861 xvt,
276 769 462 844 silentium
495 789 619 846 autem
644 772 736 847 illud
764 788 950 846 oratomm
974 796 1050 845 non
1075 768 1172 849 adeo

43 974 61 986 ,ι
138 886 225 964 Tibi
251 879 361 993 graue
395 893 529 985 videri,
557 899 697 995 quippe
724 893 771 969 de
797 920 891 995 pace
917 909 956 987 ot
980 918 1057 968 nort
1081 892 1173 977 dina

138 1015 213 1086 tina
240 1005 300 1086 ‘et'
318 1039 406 1090 sane
441 1021 628 1115 speciosa,
668 1023 706 1092 in
739 1017 815 1093 his·
839 1020 928 1094 Tuis
968 1013 1171 1112 rationibus

2 1185 8 1196 „
64 1189 67 1193 >
137 1138 287 1210 omuino
330 1138 441 1210 mihi·
463 1140 772 1242 acquiescendum
815 1129 958 1242 opinor.
1023 1145 1172 1220 Praeter
1232 1226 1234 1237 Ι

136 1257 230 1334 haec
254 1248 383 1334 aTuis
398 1251 501 1337 haud
526 1266 675 1357 minime
703 1291 746 1338 ea
773 1261 1049 1354 dissentiebant,
1075 1283 1171 1362 quae

47 1370 66 1375 '¹
137 1406 217 1481 cap.
245 1385 285 1454 ll.
312 1409 347 1480 9.
375 1384 421 1458 de
449 1383 598 1458 dnobus
614 1385 748 1466 Calliae
766 1385 925 1459 decretis
952 1410 974 1458 a
998 1408 1059 1455 me
1085 1398 1171 1457 sunt
1234 1434 1239 1448 .

118 1500 324 1602 ¹copiosius
353 1504 572 1606 disputata„
603 1505 677 1582 Sed
704 1508 804 1608 quod
830 1505 966 1580 illaad
993 1503 1047 1577 Ol.
1065 1505 1169 1594 CVII,

137 1627 160 1699 3
195 1625 389 1699 referenda
425 1626 587 1700 iudicavi
630 1626 679 1701 ob
722 1627 956 1700 Salaminiam
995 1635 1170 1724 pugnarn,

135 1771 233 1846 quae
260 1749 299 1819 in
326 1747 441 1820 altero
469 1747 619 1836 decreto
647 1757 973 1837 commemoratur,
999 1732 1169 1844 mihique

55 1951 59 1957 ¹
134 1867 183 1941 ad
219 1868 435 1940 Salaminem
468 1868 584 1964 Cypri
619 1863 814 1939 commissa
847 1867 926 1939 visa
959 1881 1034 1957 est,
1066 1864 1106 1939 id
1132 1880 1169 1938 et

133 2004 214 2066 tum
247 1991 323 2061 non
356 1989 435 2061 sine
472 1987 702 2062 dubitatione
745 1986 912 2078 iudicavi,
945 2001 983 2060 et
1015 1988 1169 2060 omnino

132 2107 411 2207 reprobandum
435 2093 521 2213 ‘esse
548 2113 725 2210 cognovi,
760 2134 882 2208 quum
903 2112 971 2198 Tu,
1000 2131 1065 2181 cur
1091 2132 1167 2182 non

133 2228 181 2303 de
215 2231 310 2303 urbe
345 2233 482 2330 Cypria
519 2230 588 2304 sed
630 2229 678 2304 de
713 2229 832 2303 insula
874 2228 1168 2304 Salaminelibi

45 2377 48 2380 ⁴
131 2351 367 2454 cogitandum
404 2343 605 2443 rideretur,
640 2351 774 2426 clarius
806 2377 876 2452 per
906 2353 1045 2425 litteras
1076 2349 1169 2424 mihi

45 2553 48 2561 ¹
132 2475 364 2574 aperuisses,
405 2453 553 2575 meque
579 2473 689 2547 simul
725 2473 773 2547 ad
808 2475 1072 2548 accuratiorem
1112 2473 1174 2566 rei¹

124 2595 423 2695 ‚explorationem
451 2598 659 2668 excitasscs.

110 2719 113 2727 '
234 2719 333 2817 Haec
360 2717 470 2815 igitur
484 2732 533 2789 et
560 2739 657 2816 quae
685 2715 732 2788 de
758 2714 947 2816 prioribus
962 2712 1034 2787 illis
1062 2710 1203 2784 duo-0

109 2837 202 2910 ‘bus
228 2818 386 2911 decretis
413 2853 495 2910 ante
534 2852 734 2914 statueram
773 2851 967 2910 retractata
1000 2836 1165 2909 invenies
1205 2916 1208 2919 ,

29 2967 31 2971 ’
129 2961 169 3031 iu
195 2957 280 3032 libri
307 2961 380 3030 mei
406 2958 579 3058 Epilogo.
631 2965 752 3059 Atque
786 2956 835 3032 de
869 2955 1004 3030 Calliae
1030 2954 1174 3029 decre-·

129 3081 177 3152 tis
202 3104 319 3152 novas
346 3083 506 3153 rationes
531 3104 632 3154 meas
666 3083 717 3153 ita
747 3083 909 3179 primum
934 3079 1099 3176 exposui,
1124 3092 1166 3162 ut

121 3204 267 3275 eTecum
302 3226 325 3274 a
358 3227 417 3274 me
445 3203 747 3295 communicatae,
773 3225 795 3273 a
821 3205 875 3278 Te
901 3198 1164 3300 comprobatae

129 3337 222 3396 sunt.
275 3325 356 3393 Non
382 3336 505 3395 tamen
531 3327 568 3395 in
595 3323 653 3397 his
680 3323 768 3397 solis
795 3340 832 3397 et
848 3322 913 3395 ol.
940 3323 1029 3412 CVI,
1059 3347 1092 3411 r,
1118 3319 1166 3393 ad
1237 3305 1241 3325 ’

128 3468 239 3544 quem
265 3447 322 3515 Tu
349 3469 486 3528 annum
514 3469 557 3517 ea
583 3435 778 3518 reserenda
806 3442 954 3536 duxisti,
979 3442 1070 3515 mihi
1097 3467 1166 3516 ac-

26 3636 27 3639 ,
128 3564 399 3666 quiescendum
427 3563 629 3640 videbatur.
683 3561 869 3644 offerebat
892 3567 989 3639 euim
1004 3562 1166 3661 difficul-

126 3701 239 3758 tatem
274 3685 435 3758 alterius
453 3684 592 3758 decreti
633 3685 877 3760 Charidemus
917 3702 1084 3786 praetor,
1119 3682 1165 3756 de

94 3808 98 3815 ”
128 3831 204 3906 quo
236 3823 450 3905 temporum
488 3828 610 3879 causa*
637 3806 678 3879 id
718 3813 868 3881 omnino
912 3805 1165 3906 quaerendum

129 3943 216 4018 erat,
244 3944 376 4000 utrum,
392 3927 453 4000 ille
481 3930 582 4001 Orita
609 3944 707 4002 esset
725 3954 770 4000 an
788 3928 1031 4004 Atheniensis.
1083 3923 1165 3997 Ad-

128 4045 212 4126 didi,
244 4051 366 4150 igitur*
389 4051 656 4128 accuratiorem
689 4049 736 4123 de
764 4049 987 4125 Charidemo
1015 4048 1166 4146 disqui-
