2594 4672
451 304 459 337 ι
647 260 804 370 22..

198 434 377 520 Ἀθηναίων
398 432 453 513 ἐπὶΙ
468 431 542 510 τοὺς
563 431 790 510 διακωλύοντας
811 436 911 498 ταῦτα
930 432 1101 517 γίγνεσθαι.
1150 431 1244 501 Dem.

204 537 229 604 l.
251 562 280 606 c.
301 563 336 630 p.
358 536 431 609 356.
476 538 655 603 Postremis
684 537 736 603 his
764 534 911 627 populus
937 552 1027 601 ratus
1049 532 1247 631 Philippum

132 670 135 677 ·
202 643 239 707 in
272 642 443 708 communi
475 640 763 733 Amphictyonum
794 638 936 732 concilio
967 657 1102 706 cunctas
1132 665 1187 708 res
1206 666 1248 710 ex

202 747 368 813 sententia
408 744 665 811 Atheniensium
699 760 732 808 et
767 743 1007 810 Thebanorum
1044 743 1274 827 detrimento,

202 850 467 942 compositurum
489 872 575 930 esse,
602 845 640 912 id
660 846 776 928 voluit,
808 865 847 914 ut
873 848 946 915 siue
973 871 1067 914 mora
1088 848 1247 945 Philippo

201 954 390 1020 Phocenses
419 975 454 1018 se
485 949 656 1018 dederent.
701 951 749 1017 Ea
781 975 859 1018 vero
890 976 998 1043 quum
1023 951 1168 1037 Athenis
1186 954 1276 1023 dev

202 1057 444 1136 cernebantur,
473 1056 663 1148 congregati
694 1053 738 1120 ad
759 1053 857 1146 Pylas
879 1056 1009 1123 stabant
1031 1079 1108 1122 cum
1131 1048 1264 1152 copiis,

201 1176 337 1253 praeter
358 1159 554 1253 Philippum
567 1158 734 1226 Thessalis
757 1161 920 1242 iunctum,
942 1159 1096 1226 Thebani
1112 1178 1242 1255 quoque

202 1283 236 1349 ct
257 1266 440 1332 Locrenses
472 1262 582 1354 (Dem.
611 1262 634 1330 l.
659 1288 686 1331 c.
705 1289 744 1354 Ρ.
767 1264 842 1332 361.
885 1263 1007 1331 Aesch.
1036 1263 1059 1329 l.
1089 1289 1119 1332 c.
1149 1262 1184 1363 p.
1203 1265 1247 1353 46

201 1371 281 1457 m),
305 1369 416 1434 cuncti
438 1363 658 1436 Phocensium
679 1362 804 1453 hostes3
828 1385 865 1435 cx
893 1367 1119 1436 Phocensium
1149 1372 1249 1439 sociis

188 1468 457 1538 Lacedaemonii
488 1473 668 1538 exercitum
709 1471 910 1540 reduxerant
951 1472 1064 1562 (Deru.
1094 1466 1119 1539 l.
1153 1487 1182 1543 e.
1211 1490 1248 1569 p.

102 1630 108 1647 .
201 1577 288 1660 365),
311 1573 433 1641 malam
454 1573 606 1641 fraudem
629 1577 882 1668 praesagientes,
905 1585 943 1642 ut
963 1575 1035 1644 vult
1051 1575 1250 1647 Demosthe-

199 1698 269 1761 nes,
292 1681 397 1771 magis
421 1675 514 1772 quod
536 1676 629 1747 omni
650 1700 765 1744 rerum
793 1680 930 1747 arbitrio
960 1682 1056 1747 antea
1082 1700 1183 1774 pacto
1205 1682 1250 1771 ud

199 1766 399 1876 Philippum
426 1782 554 1864 delato,
588 1784 627 1848 in
666 1780 724 1849 tali
753 1786 1000 1875 opportunitate
1032 1784 1198 1853 abstinere
1225 1812 1265 1855 a⁸

162 1882 166 1889 ¹
198 1888 422 1955 Phocensium
451 1887 606 1953 societate
636 1887 848 1977 cogebantur.
904 1890 998 1981 Ipsos
1036 1912 1114 1957 vero
1149 1890 1246 1959 etium

192 1991 420 2059 Athenienses
443 1989 622 2082 Philippus
653 1992 751 2082 aequi
774 1991 893 2058 iudicis
916 1994 1070 2074 nomine,
1098 2011 1139 2061 ut
1171 2018 1250 2063 eum·

200 2096 300 2160 armis
323 2089 573 2184 egrederentur,
595 2095 691 2160 iustis
715 2119 815 2185 opem
836 2089 946 2177 laturi,
971 2123 1037 2164 una
1060 2099 1248 2167 secuudum
1272 2118 1275 2127 '

199 2198 319 2266 Aesch.
344 2198 366 2263 l.
391 2222 419 2264 c.
443 2224 477 2288 p.
501 2197 545 2283 46
566 2223 628 2279 m.‚
660 2195 788 2266 duabus
817 2200 1004 2268 secundum
1026 2200 1201 2272 Demosth.
1222 2202 1245 2269 l.

198 2326 228 2368 c.
251 2329 285 2395 p.
309 2304 372 2392 357
396 2300 544 2395 epistolis
566 2302 815 2394 provocabat.*)
860 2300 1096 2374 Idem'eodem
1110 2310 1247 2377 nomine

199 2404 436 2490 Phoceusibus,
459 2423 496 2472 ut
518 2425 636 2501 sponte
659 2431 693 2474 se
716 2407 901 2491 traderent,
923 2410 1126 2504 persuadere
1150 2436 1246 2482 cona-

197 2512 306 2585 batur.
353 2512 450 2577 Dcm.
482 2508 504 2576 l.
536 2534 564 2576 c.
593 2537 628 2602 p.
660 2515 734 2602 359.
781 2510 909 2597 Quibus
937 2539 1144 2607 quamquam
1172 2518 1244 2613 pri-

199 2641 294 2681 mum
316 2607 496 2682 Phalaecus
520 2615 749 2707 obtemperare
767 2609 987 2704 detrectasset,
1009 2620 1246 2697 inAthenieu·

198 2720 290 2785 sibus
313 2717 423 2785 adhuc
456 2740 552 2808 spem
579 2719 644 2784 sibi
673 2718 787 2786 salutis
815 2721 981 2813 reliquam
1011 2747 1082 2792 esse
1110 2724 1244 2809 ducms,

200 2821 335 2890 tandem
368 2840 481 2888 tamen
517 2837 707 2914 temporum
739 2826 926 2893 necessitati
961 2825 1080 2895 cedere
1114 2848 1245 2901 coactus

201 2944 258 2994 est.
308 2925 460 3020 Philippi
497 2927 588 2992 enim
615 2924 934 3023 Thessalorumque,
967 2932 1190 3005 Locrensium
1212 2950 1272 3029 ct.

78 3045 83 3053 '
170 3088 173 3095 .
201 3032 441 3100 Thebanorum
465 3033 625 3099 exercitus
647 3030 800 3100 adversus
831 3058 866 3102 se
894 3054 1129 3128 congregatos,
1160 3039 1247 3133 Pho7

201 3136 312 3206 cidem
334 3162 353 3201 a
374 3135 645 3204 Lacedaemoniis
668 3135 832 3207 desertam
854 3138 1001 3220 videbat,
1024 3141 1247 3213 Athenienses

242 3470 267 3550 *)
295 3471 363 3548 Quo
398 3472 486 3558 tnagis
529 3474 693 3555 consopiret
727 3468 935 3553 *Atheniensem
975 3474 1011 3538 ex
1042 3471 1246 3542 Demosthenis

288 3559 441 3633 sententia3
463 3556 600 3619 adversus
622 3559 794 3639 Thebanos,
823 3565 980 3624 Aeschines
1008 3567 1063 3643 ait,
1096 3567 1149 3649 qui
1170 3566 1249 3627 diffi-

183 3706 186 3713 ,
287 3645 389 3725 (lentes
409 3644 548 3728 Philippo
570 3668 636 3707 cum
657 3650 741 3707 armis
764 3651 902 3724 exierint,
936 3651 1045 3732 quibus
1067 3654 1091 3711 si
1114 3652 1247 3715 obsecuti

287 3747 388 3808 essent,
411 3754 446 3791 ex
468 3748 567 3813 optato
589 3757 636 3794 res
658 3736 699 3794 eis
728 3752 878 3797 eventuras
907 3736 1010 3813 luisse3
1040 3738 1094 3800 sed
1120 3740 1249 3821 impedi-

287 3834 333 3901 tos
355 3820 559 3897 Athenienses,
582 3823 736 3901 quominus
759 3823 975 3905 egrederentur,
1005 3847 1067 3887 esse
1097 3826 1249 3887 contendit

211 3952 215 3960 .
288 3929 304 3966 a
325 3907 537 3983 Demosthene,
564 3909 743 3990 ceterisque,
771 3911 823 3991 qui
846 3910 992 3971 Thebanis
1014 3913 1186 3990 studuerint,
1210 3935 1247 3973 eo

248 4011 250 4014 ’
285 4008 451 4075 praetextu,
482 4008 515 4053 ut
542 4016 578 4053 ne
601 3993 753 4078 Philippus
785 3996 921 4060 obsidum
950 3999 1017 4060 loco
1045 4001 1248 4085 copiasvflcotn·

287 4081 488 4164 prehenderet.
