2594 4672
496 1055 609 1175 Index
635 1106 823 1203 Cupitum.
892 1077 895 1085 .

574 1313 730 1329 m

130 1434 427 1511 Prooemium
544 1489 553 1522 ι
659 1493 668 1510 .
756 1448 818 1512 ᾗ,
889 1498 897 1515 ,
951 1450 1171 1542 p,1...14⁴

132 1591 267 1684 Caput
288 1587 315 1653 l.
360 1584 578 1678 Explicantur
599 1611 652 1654 res
675 1591 841 1680 apublics
857 1593 1090 1664 Demosthenis
1113 1598 1172 1665 ad-

174 1692 419 1763 ministratione
450 1688 577 1758 alienae
599 1689 843 1786 maximamque
870 1715 999 1788 partem
1021 1718 1096 1768 aute
1119 1728 1177 1770 ae·.

174 1817 275 1867 tatem
294 1793 518 1886 Philippicam
540 1813 665 1886 gestae:

139 1928 143 1935 ·
165 1909 271 1962 Bellum
295 1903 476 1956 Deceleicum.
520 1902 687 1958 Athenarum
713 1905 835 1958 conditio
861 1909 956 1979 primis
979 1921 1042 1979 post
1066 1911 1170 1967 bellum

196 1991 459 2063 Peloponnesiacum
483 1991 661 2059 temporibus.
702 1994 794 2060 Pugna
822 1992 856 2045 ad
882 1996 1039 2050 Haliartum.
1082 1999 1166 2054 Athe-

161 2086 164 2091 '
198 2079 332 2135 niensium
349 2075 487 2146 expeditio
516 2077 700 2136 Corinthiam.
735 2081 813 2132 Fusis
838 2079 873 2132 ad
896 2081 1013 2135 Leuctra
1032 2087 1168 2141 Iacedae.

198 2167 306 2234 moniis,
324 2163 462 2217 Thebanis
482 2178 547 2217 vero
566 2165 604 2221 ad
620 2164 751 2219 Graeciae
769 2167 953 2236 principatum
971 2169 1085 2233 evectis,
1102 2191 1168 2242 quas

119 2248 121 2253 ’
196 2261 290 2327 partes
315 2251 483 2304 obtinuerint
510 2249 697 2309 Athenienses.
733 2255 844 2323 Oropus
870 2254 935 2305 urbs
960 2253 1168 2312 Atheniensibus

197 2360 214 2394 a
234 2338 374 2393 Thebanis
402 2318 535 2394 fraudata
579 2337 783 2393 Atheniensium
815 2341 844 2390 in
870 2340 1009 2394 Euboeam
1042 2341 1169 2399 adversus

198 2425 344 2480 Thebanos
367 2425 514 2494 expeditio.
558 2424 712 2478 Trierarchi
738 2427 882 2477 voluntarii
909 2425 1020 2480 Athenis
1050 2429 1170 2498 primunt

145 2516 149 2523 '
196 2513 319 2567 instituti.
355 2512 460 2564 Bellum
479 2512 590 2567 sociale.
627 2519 630 2526 “
685 2551 693 2568 .
763 2553 770 2568 .
841 2551 849 2569 .
919 2551 928 2569 .
997 2531 1023 2580 p.
1045 2515 1169 2574 15-36.

125 2653 265 2748 Caput
286 2648 329 2717 II
376 2645 432 2713 Ol.
457 2647 528 2728 CV,
552 2649 638 2716 3-
663 2648 786 2728 CVIII,
816 2674 840 2715 1

101 2758 299 2828 Philippus
317 2754 504 2825 Amphipolim
529 2764 557 2808 et
583 2756 704 2825 Pydnam
727 2756 936 2834 Atheniensibus
962 2757 1051 2826 eripit.
1092 2756 1167 2810 Poti-

150 2844 262 2896 daea
278 2842 392 2912 potitur
427 2844 533 2896 Bellum
558 2843 700 2900 Phocense
726 2843 884 2896 exardescit.
918 2842 1114 2896 Demosthenes
1131 2843 1167 2897 ad

193 2931 234 2984 rei
258 2928 385 2998 publicae
413 2929 596 2996 gubernacula
619 2929 734 2986 accedit.
770 2928 911 2999 Philippus
936 2926 1094 2982 Mothonem
1119 2947 1166 2982 ex·

128 3048 130 3052 f
194 3024 303 3087 pugnat.
338 3015 387 3073 Ad¹
406 3016 485 3084 Pylas
510 3017 544 3071 ab
567 3015 778 3070 Atheniensibus
803 3014 968 3085 reprimitur.
1010 3014 1166 3085 Antiphon·

120 3145 121 3148 ι
145 3163 148 3167 A
193 3113 250 3158 tem
272 3102 356 3154 mittit
380 3101 415 3154 ad
439 3101 625 3155 comburenda
651 3102 856 3155 Atheniensium
880 3101 992 3157 navalia.
1027 3101 1113 3154 Causa
1130 3103 1165 3165 de

193 3191 262 3244 Delo
281 3190 315 3244 ab
331 3177 540 3241 'Atheniensibus
559 3205 652 3264 eoram
670 3187 911 3258 Amphictyonibus
928 3187 1011 3245 dieta.
1047 3188 1165 3242 Decreta

194 3278 259 3343 duo,
279 3293 346 3345 quae
356 3279 464 3327 inserta
481 3283 543 3326 sunt
560 3277 676 3328 orationi
694 3275 728 3328 de
748 3291 805 3332 cor.
818 3293 845 3344 p
839 3276 915 3340 265,
934 3273 1043 3327 uumad
1058 3284 1164 3346 tempus

194 3365 239 3422 Ol.
248 3363 321 3416 CVII
331 3371 358 3416 et
370 3361 457 3413 CVIII
474 3362 645 3417 intercedens
663 3361 807 3416 referenda
825 3363 887 3429 sint,
905 3363 1052 3479 quaeritur.
1078 3361 1163 3431 Olyn-

193 3447 433 3539 thnsaPhilippo
454 3465 556 3509 eversa
597 3490 605 3510 .
644 3455 683 3513 J.
754 3483 762 3500 .
832 3484 839 3501 .
909 3448 1162 3519 pir-68

119 3588 314 3683 Caput
279 3587 338 3654 ΙΙΙ.
385 3585 442 3652 Ol.
467 3542 592 3667 CVIll,
619 3607 701 3650 ι-
725 3583 847 3666 CVIII,
871 3585 949 3652 3.

157 3697 234 3750 Pacis
254 3676 325 3748 iuter
342 3692 503 3766 Philippum
524 3702 552 3747 et
573 3691 750 3747 Athenienses
776 3692 945 3764 compositae
970 3691 1161 3760 termInatiqus

191 3783 258 3835 belli
276 3782 345 3835 sacri
362 3782 433 3834 ratio
453 3791 480 3834 et
507 3772 621 3834 historia
647 3787 798 3834 enarratur.
834 3780 953 3846 Decimi,
972 3778 1047 3849 quod
1065 3794 1106 3834 or.
1125 3776 1160 3830 ds

191 3886 248 3927 eor.
275 3888 303 3940 p.
320 3870 370 3922 235
397 3871 527 3922 insertum
553 3878 609 3935 est,
634 3869 792 3938 exploratur
817 3867 947 3920 conditio.
990 3865 1160 3933 Singularnm

190 3972 282 4010 rerum
305 3956 390 4009 series
423 3955 634 4024 chronologica,
657 3956 686 4006 in
708 3955 804 4024 primis
830 3955 1002 4008 decretorum
1035 3961 1159 4019 tempora

190 4044 398 4097 constituuntur·
440 4043 583 4113 Depravati
606 4044 635 4094 in
660 4050 777 4111 utroque
803 4041 913 4095 decreto
942 4040 1075 4092 mensium
1101 4036 1157 4087 die·
1210 4061 1211 4067 =

93 4183 95 4185 ,
187 4146 302 4200 rumque
321 4131 426 4183 numeri
443 4138 562 4217 tentatur
580 4129 735 4198 explicatio.
811 4162 819 4178 .
889 4163 897 4179 .
967 4118 1181 4196 p.69—1ax.'
