2594 4672
561 259 718 364 „aa

120 432 293 526 hucusque
330 429 513 508 commodis
553 416 624 503 eius
658 428 743 513 elam
779 430 1017 518 inseruiebant,
1057 428 1162 496 iidem
1261 458 1264 464 ·

121 556 193 605 tum
224 559 385 629 prospera
419 534 569 629 Philippi
598 537 731 604 fortuna
767 533 955 603 audaciores
983 537 1050 602 iam
1082 534 1162 606 faeti

122 643 230 710 acrius
254 640 390 708 consilia
413 667 471 720 sua
492 642 650 735 persequi
673 665 854 734 rerumque
867 664 971 723 ¹omne
986 641 1163 711 arbitrium

123 745 167 813 ad
195 769 284 813 eum,
301 745 429 812 deferre
461 763 663 838 coeperunt,
691 744 747 812 ille
780 768 857 813 vero
886 747 1019 838 incepta
1048 769 1162 813 eorum

124 850 223 919 armis
236 850 344 916 etiam
367 873 406 916 eo
430 849 591 917 libentius
603 849 771 930 adiuvare,
793 873 859 942 quo
878 849 1008 915 facilins
1031 850 1163 929 ita,sibi

123 952 268 1021 insulam
295 953 586 1045 propugnaculum
621 953 776 1021 adversus
811 953 958 1020 Athenas
981 952 1163 1019 «redditum

122 1061 168 1126 iri
195 1057 358 1151 sperabat.
410 1057 485 1124 Huc
513 1059 614 1150 igitur
640 1059 851 1151 potissimum
880 1056 1055 1123 referenda
1085 1074 1164 1123 sunt

125 1187 173 1244 ea,
196 1183 283 1255 quae
305 1167 352 1228 or.
371 1160 521 1255 Philipp.
537 1162 587 1231 111
608 1161 651 1228 de
672 1162 771 1228 rebus
793 1162 952 1230 Euboicis
967 1161 1169 1227 Demosthe

85 1267 96 1282 ‘
123 1290 183 1344 nes
216 1283 339 1330 narrat
384 1265 522 1346 „Eiecto
554 1265 752 1348 Plutarcho,
786 1267 848 1346 ait,
885 1263 1029 1359 populus
1062 1268 1166 1332 Ere-

105 1369 292 1436 triensis
314 1368 431 1434 urbem
454 1370 589 1436 tenebat
610 1386 642 1435 et
664 1369 881 1454 Porthmum3
902 1368 958 1434 alii
981 1380 1050 1447 tum
1074 1395 1165 1436 sum·
1264 1455 1266 1459 .

125 1482 215 1541 mam
235 1497 351 1539 rerum
381 1471 423 1538 ad
451 1461 518 1539 nos·
534 1472 791 1552 transferebant,
814 1473 856 1539 ad
877 1471 1073 1565 Philippum
1095 1473 1164 1540 alii.

125 1579 187 1646 His
237 1576 414 1670 paullatim
461 1577 728 1669 obtemperantes
775 1577 887 1642 miseri
935 1594 968 1669 et
1016 1574 1164 1644 infelices

128 1684 332 1754 Eretrienses
356 1705 394 1749 eo
424 1679 559 1747 tandem
582 1679 717 1748 adducti
740 1697 835 1762 sunt,
858 1698 896 1747 ut
918 1682 1077 1748 eiicereut
1099 1705 1164 1761 eos,
1220 1752 1225 1768 ι

128 1789 190 1879 qui
229 1785 329 1865 saluti
365 1808 482 1852 eorum
520 1786 714 1878 prospicere
753 1801 962 1861 conarentur.
1018 1783 1165 1868 Proinde

126 1891 234 1958 socius
262 1913 378 1972 eorum
407 1907 440 1956 et
469 1891 595 1956 amicus
617 1888 809 1983 Philippus,
837 1889 938 1956 misso
962 1890 1165 1980 Hipponico‚

127 2014 225 2088 atque
246 1984 460 2060 mercenariis
489 1993 583 2061 mille
589 2044 600 2080 ,
629 2017 742 2062 muros
768 1993 920 2061 Porthmi
943 1991 1061 2073 diruit,
1084 2009 1166 2058 tres·

126 2124 194 2190 que
215 2099 377 2191 imposuit
397 2109 572 2190 tyrannos,
600 2097 850 2192 Hipparchum,
872 2097 1165 2178 Automedontem,

129 2202 352 2283 Clitarchum,
390 2219 574 2292 posteaque
610 2227 627 2265 e
656 2202 792 2292 regione
822 2199 999 2295 populares
1028 2200 1164 2293 expulit,

129 2330 235 2397 quum
255 2304 308 2370 bis
323 2306 389 2371 iam
402 2303 628 2396 prolibertate
644 2302 898 2373 contenderent
939 2305 1042 2372 Orei
1060 2329 1166 2397 porro

112 2407 281 2500 ‚Philippi
302 2410 475 2501 negotium
496 2408 637 2500 agebant
659 2405 859 2486 Philistides,
884 2409 1078 2498 Menippus,
1102 2408 1165 2476 So-

127 2530 248 2592 crates,
280 2512 402 2592 Thoas,
424 2512 615 2606 Agapaeus,
640 2515 699 2603 qui
720 2535 811 2577 nunc
834 2528 949 2578 tenent
969 2512 1103 2597 urbem;
1134 2528 1168 2578 et

126 2618 210 2683 haee
229 2632 309 2685 nota
331 2615 486 2683 omnibus
516 2634 619 2683 erant.
670 2616 777 2682 Homo
808 2633 916 2682 autem
939 2615 1076 2708 quidam
1098 2617 1168 2683 Eu-

89 2803 90 2806 *
126 2714 301 2814 phraeus,
320 2723 381 2814 qui
409 2718 589 2812 aliquando
602 2721 604 2726 ’
619 2720 673 2785 hic
701 2720 791 2812 apud
812 2744 868 2787 vos
891 2720 1063 2802 habitavit,
1076 2746 1167 2789 som-

126 2852 209 2911 nem
228 2823 329 2904 dabat
349 2847 501 2917 operam,
531 2843 569 2890 ut
601 2823 699 2889 liberi
724 2841 831 2892 essent
870 2843 903 2890 et
924 2826 1085 2892 servirent
1106 2850 1166 2891 ne·

126 2931 234 2998 mini,
268 2926 396 3013 Quibus
419 2954 495 2998 vero
518 2931 547 2996 is
569 2929 701 2996 iniuriis
731 2947 765 2994 et
786 2928 996 2997 contumeliis
1019 2930 1061 2994 ab
1085 2929 1166 2994 Ori·
1270 2963 1272 2967 ’

126 3055 204 3102 tauo
231 3032 360 3127 populo
391 3032 523 3101 affectus
550 3034 608 3113 sit,
638 3031 743 3098 multa
771 3031 840 3099 dici
866 3034 1003 3125 possint.
1063 3033 1163 3099 Anno

126 3158 239 3208 autem
267 3136 535 3215 anteexcidium
564 3134 765 3228 proditionis
782 3159 888 3222 ¹reum
918 3135 997 3202 feeit
1019 3134 1167 3201 Philisti·
1269 3161 1270 3164 ¹

126 3243 205 3309 dem
226 3243 364 3334 eiusque
387 3232 549 3333 gregales,
579 3237 816 3305 animadversis
845 3263 961 3306 eorum
983 3240 1163 3306 conatibus.

128 3347 293 3414 Concitati
317 3362 427 3412 autem
448 3345 602 3412 homines
624 3341 740 3424 multi,
761 3343 984 3433 praebitorem
1007 3343 1181 3412 habentes

126 3449 332 3545 Philippum,
360 3451 498 3540 eiusque
527 3446 678 3527 consiliis
701 3449 855 3521 instructi
884 3449 1100 3542 Euphraeum
1128 3452 1165 3515 in

126 3579 295 3649 carcerem
316 3551 495 3632 abducunt,
518 3569 556 3618 ut
577 3538 779 3642 reipublicae
795 3552 1072 3642 perturbatorem.
1116 3555 1165 3621 Ea

124 3659 242 3727 videns
255 3655 407 3751 ¹populus
430 3654 592 3723 Oritanus
614 3678 725 3747 neque
747 3655 799 3721 his
822 3657 1040 3736 irascebatur,
1070 3675 1103 3723 et
1124 3654 1165 3722 il-

125 3763 199 3848 lum
220 3763 341 3830 merito
363 3760 450 3827 ferre
474 3784 519 3827 ea
551 3759 691 3827 dicebat.
738 3757 871 3828 Deinde
899 3759 973 3841 illi,
990 3779 1165 3854 'quantam
1263 3801 1265 3807 ,

126 3866 320 3959 cupiebant,
351 3881 546 3957 potestatem
569 3863 683 3956 adepti
705 3862 743 3929 id
758 3866 1021 3945 ,contendebant
1044 3884 1082 3930 ut
1104 3889 1165 3955 op-

124 3967 244 4062 pidum
267 3987 450 4060 caperetur.
493 3967 560 4035 Hic
572 3977 686 4035 omnes
699 3968 784 4036 adeo·
793 3971 859 4035 iam
869 3969 1038 4060 perterriti
1061 3987 1165 4048 erant,

125 4093 178 4156 ut,
206 4070 515 4166 „quamquamjtali
551 4073 761 4143 imminente
781 4065 887 4155 malo',
922 4097 1020 4164 nemo
1043 4097 1165 4141 rocem
1205 4093 1222 4121 ’-
