<?xml version="1.0" encoding="UTF-8"?>
<!DOCTYPE html PUBLIC "-//W3C//DTD XHTML 1.0 Transitional//EN"
    "http://www.w3.org/TR/xhtml1/DTD/xhtml1-transitional.dtd">
<html xmlns="http://www.w3.org/1999/xhtml" xml:lang="en" lang="en">
 <head>
  <title>
</title>
<meta http-equiv="Content-Type" content="text/html;charset=utf-8" />
  <meta name='ocr-system' content='tesseract 3.04.00' />
  <meta name='ocr-capabilities' content='ocr_page ocr_carea ocr_par ocr_line ocrx_word'/>
</head>
<body>
  <div class='ocr_page' id='page_1' title='image "./commentariihist00wiengoog_0212.png"; bbox 0 0 2594 4672; ppageno 0'>
   <div class='ocr_carea' id='block_1_1' title="bbox 552 271 849 356">
    <p class='ocr_par' dir='ltr' id='par_1_1' title="bbox 552 237 849 356">
     <span class='ocr_line' id='line_1_1' title="bbox 552 271 849 356; baseline 0.017 -19"><span class='ocrx_word' id='word_1_1' title='bbox 552 271 617 343; x_wconf 99' lang='grc' dir='ltr'><strong>Μ</strong></span> <span class='ocrx_word' id='word_1_2' title='bbox 749 297 849 356; x_wconf 16' lang='grc' dir='ltr'><strong>·Ᾰ</strong></span> 
     </span>
    </p>
   </div>
   <div class='ocr_carea' id='block_1_2' title="bbox 14 438 1202 2099">
    <p class='ocr_par' dir='ltr' id='par_1_2' title="bbox 63 438 1190 1674">
     <span class='ocr_line' id='line_1_2' title="bbox 64 438 1102 534; baseline -0.001 -24"><span class='ocrx_word' id='word_1_3' title='bbox 64 445 147 513; x_wconf 89' lang='lat' dir='ltr'><strong>iam</strong></span> <span class='ocrx_word' id='word_1_4' title='bbox 147 441 194 508; x_wconf 79' lang='lat' dir='ltr'><strong>ab</strong></span> <span class='ocrx_word' id='word_1_5' title='bbox 218 464 257 510; x_wconf 92' lang='lat' dir='ltr'><strong>eo</strong></span> <span class='ocrx_word' id='word_1_6' title='bbox 277 443 322 508; x_wconf 88' lang='lat' dir='ltr'><strong>sit</strong></span> <span class='ocrx_word' id='word_1_7' title='bbox 342 439 601 509; x_wconf 80' lang='lat' dir='ltr'>Atheniensibus</span> <span class='ocrx_word' id='word_1_8' title='bbox 628 440 804 523; x_wconf 88' lang='lat' dir='ltr'><strong>indictum,</strong></span> <span class='ocrx_word' id='word_1_9' title='bbox 827 458 860 507; x_wconf 91' lang='lat' dir='ltr'><strong>et</strong></span> <span class='ocrx_word' id='word_1_10' title='bbox 881 438 1032 506; x_wconf 86' lang='lat' dir='ltr'><strong>discissa</strong></span> <span class='ocrx_word' id='word_1_11' title='bbox 1037 460 1102 534; x_wconf 79' lang='lat' dir='ltr'><strong>pax</strong></span> 
     </span>
     <span class='ocr_line' id='line_1_3' title="bbox 63 525 1102 639; baseline -0.004 -25"><span class='ocrx_word' id='word_1_12' title='bbox 63 547 105 614; x_wconf 88' lang='lat' dir='ltr'><strong>ab</strong></span> <span class='ocrx_word' id='word_1_13' title='bbox 126 544 399 628; x_wconf 79' lang='lat' dir='ltr'><strong>Atheniensibus,</strong></span> <span class='ocrx_word' id='word_1_14' title='bbox 419 547 631 614; x_wconf 87' lang='lat' dir='ltr'><strong>manifestum</strong></span> <span class='ocrx_word' id='word_1_15' title='bbox 652 563 712 628; x_wconf 89' lang='lat' dir='ltr'><strong>est,</strong></span> <span class='ocrx_word' id='word_1_16' title='bbox 741 525 939 638; x_wconf 88' lang='lat' dir='ltr'><strong>Philippum</strong></span> <span class='ocrx_word' id='word_1_17' title='bbox 961 543 1102 639; x_wconf 79' lang='lat' dir='ltr'><strong>Olymp</strong></span> 
     </span>
     <span class='ocr_line' id='line_1_4' title="bbox 64 647 1103 742; baseline -0.004 -24"><span class='ocrx_word' id='word_1_18' title='bbox 64 652 145 718; x_wconf 87' lang='lat' dir='ltr'><strong>CIX</strong></span> <span class='ocrx_word' id='word_1_19' title='bbox 167 677 194 717; x_wconf 88' lang='lat' dir='ltr'><strong>a.</strong></span> <span class='ocrx_word' id='word_1_20' title='bbox 219 652 239 719; x_wconf 80' lang='lat'>3</span> <span class='ocrx_word' id='word_1_21' title='bbox 261 674 302 716; x_wconf 82' lang='lat' dir='ltr'><strong>ex</strong></span> <span class='ocrx_word' id='word_1_22' title='bbox 322 650 468 718; x_wconf 85' lang='lat' dir='ltr'><strong>Thracia</strong></span> <span class='ocrx_word' id='word_1_23' title='bbox 488 650 686 742; x_wconf 82' lang='lat' dir='ltr'><strong>Byzantium</strong></span> <span class='ocrx_word' id='word_1_24' title='bbox 706 673 817 717; x_wconf 87' lang='lat' dir='ltr'><strong>versus</strong></span> <span class='ocrx_word' id='word_1_25' title='bbox 837 647 1027 741; x_wconf 83' lang='lat' dir='ltr'><strong>profectum</strong></span> <span class='ocrx_word' id='word_1_26' title='bbox 1048 649 1103 714; x_wconf 89' lang='lat' dir='ltr'><strong>in·</strong></span> 
     </span>
     <span class='ocr_line' id='line_1_5' title="bbox 64 750 1103 847; baseline -0.001 -25"><span class='ocrx_word' id='word_1_27' title='bbox 64 771 163 823; x_wconf 92' lang='lat' dir='ltr'><strong>eunte</strong></span> <span class='ocrx_word' id='word_1_28' title='bbox 186 752 323 847; x_wconf 87' lang='lat' dir='ltr'><strong>Olymp.</strong></span> <span class='ocrx_word' id='word_1_29' title='bbox 354 753 437 822; x_wconf 86' lang='lat' dir='ltr'><strong>CIX</strong></span> <span class='ocrx_word' id='word_1_30' title='bbox 458 753 531 840; x_wconf 69' lang='lat' dir='ltr'><strong>ad</strong></span> <span class='ocrx_word' id='word_1_31' title='bbox 561 751 604 821; x_wconf 87' lang='lat' dir='ltr'><strong>ad</strong></span> <span class='ocrx_word' id='word_1_32' title='bbox 630 751 846 822; x_wconf 83' lang='lat' dir='ltr'><strong>obsidendam</strong></span> <span class='ocrx_word' id='word_1_33' title='bbox 877 750 1103 845; x_wconf 87' lang='lat' dir='ltr'><strong>Selymbriam</strong></span> 
     </span>
     <span class='ocr_line' id='line_1_6' title="bbox 65 855 1102 952; baseline -0.001 -27"><span class='ocrx_word' id='word_1_34' title='bbox 65 860 256 942; x_wconf 84' lang='lat' dir='ltr'><strong>accessisse,</strong></span> <span class='ocrx_word' id='word_1_35' title='bbox 287 881 426 950; x_wconf 89' lang='lat' dir='ltr'><strong>eamque</strong></span> <span class='ocrx_word' id='word_1_36' title='bbox 461 858 668 952; x_wconf 77' lang='lat' dir='ltr'><strong>oppugnasse</strong></span> <span class='ocrx_word' id='word_1_37' title='bbox 695 881 811 925; x_wconf 90' lang='lat' dir='ltr'><strong>mense</strong></span> <span class='ocrx_word' id='word_1_38' title='bbox 844 855 1102 940; x_wconf 89' lang='lat' dir='ltr'><strong>Boedromione,</strong></span> 
     </span>
     <span class='ocr_line' id='line_1_7' title="bbox 64 959 1104 1058; baseline -0.003 -26"><span class='ocrx_word' id='word_1_39' title='bbox 64 987 133 1058; x_wconf 86' lang='lat' dir='ltr'><strong>quo</strong></span> <span class='ocrx_word' id='word_1_40' title='bbox 156 964 278 1056; x_wconf 88' lang='lat' dir='ltr'><strong>scripta</strong></span> <span class='ocrx_word' id='word_1_41' title='bbox 305 981 384 1029; x_wconf 85' lang='lat' dir='ltr'><strong>sunt</strong></span> <span class='ocrx_word' id='word_1_42' title='bbox 412 963 531 1030; x_wconf 84' lang='lat' dir='ltr'><strong>Eubuli</strong></span> <span class='ocrx_word' id='word_1_43' title='bbox 561 981 594 1029; x_wconf 91' lang='lat' dir='ltr'><strong>et</strong></span> <span class='ocrx_word' id='word_1_44' title='bbox 622 961 868 1054; x_wconf 77' lang='lat' dir='ltr'><strong>Aristopho&#39;ntis</strong></span> <span class='ocrx_word' id='word_1_45' title='bbox 898 959 1030 1029; x_wconf 83' lang='lat' dir='ltr'><strong>decreta</strong></span> <span class='ocrx_word' id='word_1_46' title='bbox 1058 959 1104 1029; x_wconf 85' lang='lat' dir='ltr'><strong>de</strong></span> 
     </span>
     <span class='ocr_line' id='line_1_8' title="bbox 66 1063 1190 1160; baseline 0.001 -29"><span class='ocrx_word' id='word_1_47' title='bbox 66 1067 229 1160; x_wconf 82' lang='lat' dir='ltr'><strong>surreptis</strong></span> <span class='ocrx_word' id='word_1_48' title='bbox 245 1063 507 1134; x_wconf 81' lang='lat' dir='ltr'><strong>&#39;Atheniensium</strong></span> <span class='ocrx_word' id='word_1_49' title='bbox 536 1093 554 1131; x_wconf 90' lang='lat' dir='ltr'><strong>a</strong></span> <span class='ocrx_word' id='word_1_50' title='bbox 575 1066 733 1160; x_wconf 90' lang='lat' dir='ltr'><strong>Philippo</strong></span> <span class='ocrx_word' id='word_1_51' title='bbox 754 1065 901 1158; x_wconf 83' lang='lat' dir='ltr'><strong>navigiis,</strong></span> <span class='ocrx_word' id='word_1_52' title='bbox 932 1080 968 1133; x_wconf 89' lang='lat' dir='ltr'><strong>et</strong></span> <span class='ocrx_word' id='word_1_53' title='bbox 987 1084 1102 1133; x_wconf 85' lang='lat' dir='ltr'><strong>mense</strong></span> <span class='ocrx_word' id='word_1_54' title='bbox 1187 1093 1190 1098; x_wconf 68' lang='grc'><strong>’</strong></span> 
     </span>
     <span class='ocr_line' id='line_1_9' title="bbox 64 1169 1104 1263; baseline -0.002 -27"><span class='ocrx_word' id='word_1_55' title='bbox 64 1173 165 1237; x_wconf 89' lang='lat' dir='ltr'><strong>etiam</strong></span> <span class='ocrx_word' id='word_1_56' title='bbox 185 1171 416 1262; x_wconf 85' lang='lat' dir='ltr'><strong>Pyanepsione·</strong></span> <span class='ocrx_word' id='word_1_57' title='bbox 437 1188 494 1236; x_wconf 88' lang='lat' dir='ltr'><strong>aut</strong></span> <span class='ocrx_word' id='word_1_58' title='bbox 514 1169 772 1263; x_wconf 82' lang='lat' dir='ltr'><strong>Metagitnione,</strong></span> <span class='ocrx_word' id='word_1_59' title='bbox 806 1193 874 1261; x_wconf 89' lang='lat' dir='ltr'><strong>quo</strong></span> <span class='ocrx_word' id='word_1_60' title='bbox 902 1169 1025 1262; x_wconf 80' lang='lat' dir='ltr'><strong>scripta</strong></span> <span class='ocrx_word' id='word_1_61' title='bbox 1054 1182 1104 1235; x_wconf 88' lang='lat' dir='ltr'><strong>est</strong></span> 
     </span>
     <span class='ocr_line' id='line_1_10' title="bbox 63 1269 1103 1368; baseline 0.003 -30"><span class='ocrx_word' id='word_1_62' title='bbox 63 1273 217 1366; x_wconf 90' lang='lat' dir='ltr'><strong>Philippi</strong></span> <span class='ocrx_word' id='word_1_63' title='bbox 245 1271 288 1338; x_wconf 90' lang='lat' dir='ltr'><strong>ad</strong></span> <span class='ocrx_word' id='word_1_64' title='bbox 316 1273 536 1342; x_wconf 83' lang='lat' dir='ltr'><strong>Athenienses</strong></span> <span class='ocrx_word' id='word_1_65' title='bbox 567 1272 703 1368; x_wconf 85' lang='lat' dir='ltr'><strong>epistola</strong></span> <span class='ocrx_word' id='word_1_66' title='bbox 733 1273 884 1362; x_wconf 86' lang='lat' dir='ltr'><strong>(decor.</strong></span> <span class='ocrx_word' id='word_1_67' title='bbox 910 1297 944 1365; x_wconf 93' lang='lat' dir='ltr'><strong>p</strong></span> <span class='ocrx_word' id='word_1_68' title='bbox 973 1269 1103 1363; x_wconf 75' lang='lat'>251)*)</span> 
     </span>
     <span class='ocr_line' id='line_1_11' title="bbox 65 1373 1108 1469; baseline -0.002 -24"><span class='ocrx_word' id='word_1_69' title='bbox 65 1379 150 1445; x_wconf 91' lang='lat' dir='ltr'><strong>Eam</strong></span> <span class='ocrx_word' id='word_1_70' title='bbox 172 1377 263 1443; x_wconf 89' lang='lat' dir='ltr'><strong>enim</strong></span> <span class='ocrx_word' id='word_1_71' title='bbox 284 1377 373 1443; x_wconf 89' lang='lat' dir='ltr'><strong>inter</strong></span> <span class='ocrx_word' id='word_1_72' title='bbox 388 1373 552 1445; x_wconf 84' lang='lat' dir='ltr'><strong>obsessam</strong></span> <span class='ocrx_word' id='word_1_73' title='bbox 573 1377 682 1446; x_wconf 88' lang='lat' dir='ltr'><strong>adhuc</strong></span> <span class='ocrx_word' id='word_1_74' title='bbox 696 1375 919 1469; x_wconf 84' lang='lat' dir='ltr'><strong>Selymbriam</strong></span> <span class='ocrx_word' id='word_1_75' title='bbox 943 1378 1108 1469; x_wconf 79' lang='lat' dir='ltr'><strong>scriptam</strong></span> 
     </span>
     <span class='ocr_line' id='line_1_12' title="bbox 66 1474 1173 1574; baseline 0.002 -28"><span class='ocrx_word' id='word_1_76' title='bbox 66 1503 136 1547; x_wconf 91' lang='lat' dir='ltr'><strong>esse</strong></span> <span class='ocrx_word' id='word_1_77' title='bbox 165 1477 289 1548; x_wconf 88' lang='lat' dir='ltr'><strong>docent</strong></span> <span class='ocrx_word' id='word_1_78' title='bbox 325 1479 475 1574; x_wconf 91' lang='lat' dir='ltr'><strong>Philippi</strong></span> <span class='ocrx_word' id='word_1_79' title='bbox 507 1476 620 1573; x_wconf 87' lang='lat' dir='ltr'><strong>verba:</strong></span> <span class='ocrx_word' id='word_1_80' title='bbox 657 1487 922 1570; x_wconf 80' lang='grc' dir='ltr'><strong>Σηλυμβριανοῖς,</strong></span> <span class='ocrx_word' id='word_1_81' title='bbox 952 1489 1018 1557; x_wconf 75' lang='grc' dir='ltr'><strong><em>τοῖς</em></strong></span> <span class='ocrx_word' id='word_1_82' title='bbox 1052 1477 1103 1548; x_wconf 70' lang='grc' dir='ltr'><strong>Μ’</strong></span> <span class='ocrx_word' id='word_1_83' title='bbox 1170 1474 1173 1480; x_wconf 64' lang='grc'><strong>’</strong></span> 
     </span>
     <span class='ocr_line' id='line_1_13' title="bbox 64 1587 441 1674; baseline 0.003 -23"><span class='ocrx_word' id='word_1_84' title='bbox 64 1588 141 1671; x_wconf 71' lang='grc' dir='ltr'>ἐμοῦ</span> <span class='ocrx_word' id='word_1_85' title='bbox 161 1587 441 1674; x_wconf 73' lang='grc' dir='ltr'>πολιορκουμένοις.</span> 
     </span>
    </p>

    <p class='ocr_par' dir='ltr' id='par_1_3' title="bbox 14 1687 1202 2099">
     <span class='ocr_line' id='line_1_14' title="bbox 151 1687 1202 1785; baseline -0.001 -28"><span class='ocrx_word' id='word_1_86' title='bbox 151 1687 360 1782; x_wconf 84' lang='lat' dir='ltr'><strong>Selymbriae</strong></span> <span class='ocrx_word' id='word_1_87' title='bbox 387 1692 494 1785; x_wconf 85' lang='lat' dir='ltr'><strong>igitur</strong></span> <span class='ocrx_word' id='word_1_88' title='bbox 532 1690 707 1780; x_wconf 79' lang='lat' dir='ltr'><strong>obsidione</strong></span> <span class='ocrx_word' id='word_1_89' title='bbox 743 1689 786 1759; x_wconf 87' lang='lat' dir='ltr'><strong>ad</strong></span> <span class='ocrx_word' id='word_1_90' title='bbox 802 1741 803 1745; x_wconf 17' lang='grc' dir='ltr'>η</span> <span class='ocrx_word' id='word_1_91' title='bbox 821 1690 968 1758; x_wconf 85' lang='lat' dir='ltr'><strong>hiemem</strong></span> <span class='ocrx_word' id='word_1_92' title='bbox 995 1709 1105 1781; x_wconf 84' lang='lat' dir='ltr'><strong>usque</strong></span> <span class='ocrx_word' id='word_1_93' title='bbox 1136 1733 1142 1738; x_wconf 83' lang='lat'><em>·</em></span> <span class='ocrx_word' id='word_1_94' title='bbox 1197 1738 1202 1749; x_wconf 64' lang='lat'>„</span> 
     </span>
     <span class='ocr_line' id='line_1_15' title="bbox 14 1792 1180 1889; baseline -0.005 -24"><span class='ocrx_word' id='word_1_95' title='bbox 14 1862 15 1865; x_wconf 74' lang='grc'>,</span> <span class='ocrx_word' id='word_1_96' title='bbox 67 1792 322 1888; x_wconf 37' lang='lat' dir='ltr'><strong>OlympgsslX,</strong></span> <span class='ocrx_word' id='word_1_97' title='bbox 345 1794 597 1880; x_wconf 67' lang='lat' dir='ltr'><strong>deontinuata&#39;,</strong></span> <span class='ocrx_word' id='word_1_98' title='bbox 627 1799 700 1889; x_wconf 77' lang='lat' dir='ltr'><strong>ipsa</strong></span> <span class='ocrx_word' id='word_1_99' title='bbox 721 1795 790 1862; x_wconf 87' lang='lat' dir='ltr'><strong>iam</strong></span> <span class='ocrx_word' id='word_1_100' title='bbox 810 1794 931 1874; x_wconf 84' lang='lat' dir='ltr'><strong>hieme,</strong></span> <span class='ocrx_word' id='word_1_101' title='bbox 954 1811 1011 1861; x_wconf 89' lang='lat' dir='ltr'><strong>aut</strong></span> <span class='ocrx_word' id='word_1_102' title='bbox 1030 1794 1105 1888; x_wconf 87' lang='lat' dir='ltr'><strong>pri·</strong></span> <span class='ocrx_word' id='word_1_103' title='bbox 1178 1874 1180 1879; x_wconf 91' lang='lat'>.</span> 
     </span>
     <span class='ocr_line' id='line_1_16' title="bbox 64 1897 1106 1995; baseline 0 -31"><span class='ocrx_word' id='word_1_104' title='bbox 64 1921 120 1965; x_wconf 90' lang='lat' dir='ltr'><strong>mo</strong></span> <span class='ocrx_word' id='word_1_105' title='bbox 142 1899 252 1966; x_wconf 85' lang='lat' dir='ltr'><strong>statim</strong></span> <span class='ocrx_word' id='word_1_106' title='bbox 273 1922 349 1965; x_wconf 87' lang='lat' dir='ltr'><strong>vere</strong></span> <span class='ocrx_word' id='word_1_107' title='bbox 371 1897 563 1995; x_wconf 79' lang='lat' dir='ltr'><strong>Philippus</strong></span> <span class='ocrx_word' id='word_1_108' title='bbox 578 1898 774 1985; x_wconf 83' lang='lat' dir='ltr'><strong>validiorem</strong></span> <span class='ocrx_word' id='word_1_109' title='bbox 801 1900 869 1966; x_wconf 87' lang='lat' dir='ltr'><strong>iam</strong></span> <span class='ocrx_word' id='word_1_110' title='bbox 900 1898 1020 1965; x_wconf 78' lang='lat' dir='ltr'><strong>urbem</strong></span> <span class='ocrx_word' id='word_1_111' title='bbox 1041 1899 1106 1965; x_wconf 88' lang='lat' dir='ltr'><strong>Pe-</strong></span> 
     </span>
     <span class='ocr_line' id='line_1_17' title="bbox 62 2002 1104 2099; baseline -0.001 -30"><span class='ocrx_word' id='word_1_112' title='bbox 62 2002 233 2084; x_wconf 87' lang='lat' dir='ltr'><strong>rinthum,</strong></span> <span class='ocrx_word' id='word_1_113' title='bbox 274 2002 431 2094; x_wconf 84' lang='lat' dir='ltr'><strong>Byzantio</strong></span> <span class='ocrx_word' id='word_1_114' title='bbox 468 2030 591 2099; x_wconf 80' lang='lat' dir='ltr'><strong>genere</strong></span> <span class='ocrx_word' id='word_1_115' title='bbox 628 2023 668 2079; x_wconf 81' lang='lat' dir='ltr'><strong>et¹</strong></span> <span class='ocrx_word' id='word_1_116' title='bbox 696 2006 851 2074; x_wconf 85' lang='lat' dir='ltr'><strong>societate</strong></span> <span class='ocrx_word' id='word_1_117' title='bbox 888 2004 1104 2071; x_wconf 86' lang='lat' dir='ltr'><strong>coniunctam</strong></span> 
     </span>
    </p>
   </div>
   <div class='ocr_carea' id='block_1_3' title="bbox 63 2100 1222 2201">
    <p class='ocr_par' dir='ltr' id='par_1_4' title="bbox 63 2100 1222 2201">
     <span class='ocr_line' id='line_1_18' title="bbox 63 2100 1222 2201; baseline -0.004 -27"><span class='ocrx_word' id='word_1_118' title='bbox 63 2106 208 2190; x_wconf 84' lang='lat' dir='ltr'><strong>(decor.</strong></span> <span class='ocrx_word' id='word_1_119' title='bbox 230 2132 264 2199; x_wconf 92' lang='lat' dir='ltr'><strong>p.</strong></span> <span class='ocrx_word' id='word_1_120' title='bbox 289 2109 374 2190; x_wconf 80' lang='lat'><strong>255),</strong></span> <span class='ocrx_word' id='word_1_121' title='bbox 398 2110 554 2201; x_wconf 87' lang='lat' dir='ltr'><strong>operibus</strong></span> <span class='ocrx_word' id='word_1_122' title='bbox 583 2107 710 2176; x_wconf 87' lang='lat' dir='ltr'><strong>clausit.</strong></span> <span class='ocrx_word' id='word_1_123' title='bbox 755 2106 825 2179; x_wconf 86' lang='lat' dir='ltr'><strong>Sed</strong></span> <span class='ocrx_word' id='word_1_124' title='bbox 842 2108 882 2174; x_wconf 84' lang='lat' dir='ltr'><strong>ab</strong></span> <span class='ocrx_word' id='word_1_125' title='bbox 906 2109 977 2175; x_wconf 88' lang='lat' dir='ltr'><strong>eius</strong></span> <span class='ocrx_word' id='word_1_126' title='bbox 1000 2131 1106 2199; x_wconf 82' lang='lat' dir='ltr'><strong>expu-</strong></span> <span class='ocrx_word' id='word_1_127' title='bbox 1215 2100 1222 2114; x_wconf 82' lang='lat'><em>&#39;</em></span> 
     </span>
    </p>
   </div>
   <div class='ocr_carea' id='block_1_4' title="bbox 63 2193 1165 2408">
    <p class='ocr_par' dir='ltr' id='par_1_5' title="bbox 63 2193 1165 2408">
     <span class='ocr_line' id='line_1_19' title="bbox 64 2193 1165 2330; baseline 0 -55"><span class='ocrx_word' id='word_1_128' title='bbox 64 2212 220 2300; x_wconf 86' lang='lat' dir='ltr'><strong>gnatione</strong></span> <span class='ocrx_word' id='word_1_129' title='bbox 260 2209 490 2330; x_wconf 87' lang='lat' dir='ltr'><strong>depellebatur</strong></span> <span class='ocrx_word' id='word_1_130' title='bbox 518 2238 595 2280; x_wconf 91' lang='lat' dir='ltr'><strong>cum</strong></span> <span class='ocrx_word' id='word_1_131' title='bbox 623 2215 708 2305; x_wconf 90' lang='lat' dir='ltr'><strong>ipso</strong></span> <span class='ocrx_word' id='word_1_132' title='bbox 723 2213 822 2279; x_wconf 87' lang='lat' dir='ltr'><strong>urbis</strong></span> <span class='ocrx_word' id='word_1_133' title='bbox 844 2213 924 2292; x_wconf 89' lang='lat' dir='ltr'><strong>situ,</strong></span> <span class='ocrx_word' id='word_1_134' title='bbox 946 2228 1020 2279; x_wconf 90' lang='lat' dir='ltr'><strong>tum</strong></span> <span class='ocrx_word' id='word_1_135' title='bbox 1040 2193 1127 2277; x_wconf 76' lang='lat' dir='ltr'><strong>Pe·&#39;</strong></span> <span class='ocrx_word' id='word_1_136' title='bbox 1160 2202 1165 2214; x_wconf 60' lang='lat'><strong><em>‘</em></strong></span> 
     </span>
     <span class='ocr_line' id='line_1_20' title="bbox 63 2312 1106 2408; baseline 0 -29"><span class='ocrx_word' id='word_1_137' title='bbox 63 2313 268 2380; x_wconf 86' lang='lat' dir='ltr'><strong>rinthiorum</strong></span> <span class='ocrx_word' id='word_1_138' title='bbox 289 2315 418 2400; x_wconf 71' lang='lat' dir='ltr'><strong>virtute,</strong></span> <span class='ocrx_word' id='word_1_139' title='bbox 442 2313 564 2382; x_wconf 88' lang='lat' dir='ltr'><strong>deinde</strong></span> <span class='ocrx_word' id='word_1_140' title='bbox 585 2317 823 2408; x_wconf 83' lang='lat' dir='ltr'><strong>Byzantiorum</strong></span> <span class='ocrx_word' id='word_1_141' title='bbox 844 2312 985 2397; x_wconf 84' lang='lat' dir='ltr'><strong>auxiliis,</strong></span> <span class='ocrx_word' id='word_1_142' title='bbox 1007 2313 1106 2380; x_wconf 89' lang='lat' dir='ltr'><strong>deni·</strong></span> 
     </span>
    </p>
   </div>
   <div class='ocr_carea' id='block_1_5' title="bbox 17 2415 1276 2518">
    <p class='ocr_par' dir='ltr' id='par_1_6' title="bbox 17 2415 1276 2518">
     <span class='ocr_line' id='line_1_21' title="bbox 17 2415 1276 2518; baseline 0.004 -36"><span class='ocrx_word' id='word_1_143' title='bbox 17 2447 26 2503; x_wconf 78' lang='lat' dir='ltr'><em>j</em></span> <span class='ocrx_word' id='word_1_144' title='bbox 65 2439 133 2509; x_wconf 88' lang='lat' dir='ltr'><strong>que</strong></span> <span class='ocrx_word' id='word_1_145' title='bbox 154 2441 173 2482; x_wconf 82' lang='lat' dir='ltr'>a</span> <span class='ocrx_word' id='word_1_146' title='bbox 194 2418 334 2483; x_wconf 86' lang='lat' dir='ltr'><strong>Pe1sicis</strong></span> <span class='ocrx_word' id='word_1_147' title='bbox 358 2419 458 2483; x_wconf 88' lang='lat' dir='ltr'><strong>etiam</strong></span> <span class='ocrx_word' id='word_1_148' title='bbox 479 2421 620 2514; x_wconf 85' lang='lat' dir='ltr'><strong>satrapis</strong></span> <span class='ocrx_word' id='word_1_149' title='bbox 643 2442 743 2512; x_wconf 87' lang='lat' dir='ltr'><strong>opem</strong></span> <span class='ocrx_word' id='word_1_150' title='bbox 763 2418 957 2518; x_wconf 83' lang='lat' dir='ltr'><strong>ferentibus.</strong></span> <span class='ocrx_word' id='word_1_151' title='bbox 1002 2415 1106 2486; x_wconf 76' lang='lat' dir='ltr'><strong>Diod.</strong></span> <span class='ocrx_word' id='word_1_152' title='bbox 1143 2431 1169 2467; x_wconf 33' lang='lat' dir='ltr'><strong>&#39;v</strong></span> <span class='ocrx_word' id='word_1_153' title='bbox 1273 2469 1276 2476; x_wconf 85' lang='lat'>-</span> 
     </span>
    </p>
   </div>
   <div class='ocr_carea' id='block_1_6' title="bbox 64 2513 1106 2643">
    <p class='ocr_par' dir='ltr' id='par_1_7' title="bbox 64 2513 1106 2643">
     <span class='ocr_line' id='line_1_22' title="bbox 64 2513 1106 2643; baseline -0.002 -55"><span class='ocrx_word' id='word_1_154' title='bbox 64 2522 159 2605; x_wconf 84' lang='lat' dir='ltr'><strong>XVI,</strong></span> <span class='ocrx_word' id='word_1_155' title='bbox 180 2523 233 2641; x_wconf 87' lang='lat'><strong>75,</strong></span> <span class='ocrx_word' id='word_1_156' title='bbox 258 2521 308 2611; x_wconf 88' lang='lat'><strong>76.</strong></span> <span class='ocrx_word' id='word_1_157' title='bbox 352 2522 449 2587; x_wconf 91' lang='lat' dir='ltr'><strong>Dem.</strong></span> <span class='ocrx_word' id='word_1_158' title='bbox 474 2547 521 2589; x_wconf 84' lang='lat' dir='ltr'><strong>or.</strong></span> <span class='ocrx_word' id='word_1_159' title='bbox 545 2521 587 2590; x_wconf 87' lang='lat' dir='ltr'><strong>ad</strong></span> <span class='ocrx_word' id='word_1_160' title='bbox 610 2524 706 2643; x_wconf 90' lang='lat' dir='ltr'><strong>epist</strong></span> <span class='ocrx_word' id='word_1_161' title='bbox 721 2522 808 2590; x_wconf 89' lang='lat' dir='ltr'><strong>Phil.</strong></span> <span class='ocrx_word' id='word_1_162' title='bbox 829 2513 864 2616; x_wconf 88' lang='lat' dir='ltr'><strong>p</strong></span> <span class='ocrx_word' id='word_1_163' title='bbox 884 2523 955 2590; x_wconf 80' lang='lat'><strong>150.</strong></span> <span class='ocrx_word' id='word_1_164' title='bbox 1001 2521 1106 2588; x_wconf 80' lang='lat' dir='ltr'><strong>Missa</strong></span> 
     </span>
    </p>
   </div>
   <div class='ocr_carea' id='block_1_7' title="bbox 63 2624 1211 2718">
    <p class='ocr_par' dir='ltr' id='par_1_8' title="bbox 63 2624 1211 2718">
     <span class='ocr_line' id='line_1_23' title="bbox 63 2624 1211 2718; baseline -0.003 -27"><span class='ocrx_word' id='word_1_165' title='bbox 63 2641 113 2693; x_wconf 90' lang='lat' dir='ltr'><strong>est</strong></span> <span class='ocrx_word' id='word_1_166' title='bbox 135 2626 225 2692; x_wconf 90' lang='lat' dir='ltr'><strong>enim</strong></span> <span class='ocrx_word' id='word_1_167' title='bbox 247 2626 289 2691; x_wconf 84' lang='lat' dir='ltr'><strong>ab</strong></span> <span class='ocrx_word' id='word_1_168' title='bbox 310 2625 572 2694; x_wconf 87' lang='lat' dir='ltr'><strong>Atheniensibus</strong></span> <span class='ocrx_word' id='word_1_169' title='bbox 601 2628 701 2693; x_wconf 84' lang='lat' dir='ltr'><strong>etiam</strong></span> <span class='ocrx_word' id='word_1_170' title='bbox 729 2624 773 2694; x_wconf 87' lang='lat' dir='ltr'><strong>ad</strong></span> <span class='ocrx_word' id='word_1_171' title='bbox 792 2649 907 2718; x_wconf 86' lang='lat' dir='ltr'><strong>regem</strong></span> <span class='ocrx_word' id='word_1_172' title='bbox 928 2624 1108 2693; x_wconf 84' lang='lat' dir='ltr'><strong>Persarum</strong></span> <span class='ocrx_word' id='word_1_173' title='bbox 1124 2650 1126 2654; x_wconf 92' lang='lat'>·</span> <span class='ocrx_word' id='word_1_174' title='bbox 1209 2680 1211 2687; x_wconf 73' lang='grc'>,</span> 
     </span>
    </p>
   </div>
   <div class='ocr_carea' id='block_1_8' title="bbox 63 2723 1105 2824">
    <p class='ocr_par' dir='ltr' id='par_1_9' title="bbox 63 2723 1105 2824">
     <span class='ocr_line' id='line_1_24' title="bbox 63 2723 1105 2824; baseline 0.002 -28"><span class='ocrx_word' id='word_1_175' title='bbox 63 2728 197 2821; x_wconf 85' lang='lat' dir='ltr'><strong>legatio,</strong></span> <span class='ocrx_word' id='word_1_176' title='bbox 221 2743 321 2822; x_wconf 82' lang='lat' dir='ltr'><strong>quam</strong></span> <span class='ocrx_word' id='word_1_177' title='bbox 337 2723 576 2798; x_wconf 86' lang='lat' dir='ltr'><strong>Demosthenes</strong></span> <span class='ocrx_word' id='word_1_178' title='bbox 600 2755 677 2797; x_wconf 92' lang='lat' dir='ltr'><strong>cum</strong></span> <span class='ocrx_word' id='word_1_179' title='bbox 700 2755 747 2799; x_wconf 88' lang='lat' dir='ltr'><strong>or.</strong></span> <span class='ocrx_word' id='word_1_180' title='bbox 765 2729 854 2797; x_wconf 90' lang='lat' dir='ltr'><strong>Phil.</strong></span> <span class='ocrx_word' id='word_1_181' title='bbox 879 2730 930 2797; x_wconf 91' lang='lat' dir='ltr'><strong>III</strong></span> <span class='ocrx_word' id='word_1_182' title='bbox 951 2727 1105 2824; x_wconf 87' lang='lat' dir='ltr'><strong>(Olymp.</strong></span> 
     </span>
    </p>
   </div>
   <div class='ocr_carea' id='block_1_9' title="bbox 64 2815 1233 2929">
    <p class='ocr_par' dir='ltr' id='par_1_10' title="bbox 64 2815 1233 2929">
     <span class='ocr_line' id='line_1_25' title="bbox 64 2815 1233 2929; baseline 0 -29"><span class='ocrx_word' id='word_1_183' title='bbox 64 2815 1233 2929; x_wconf 43' lang='lat' dir='ltr'><strong>mmmmmfflwffimfflwpsp</strong></span> 
     </span>
    </p>
   </div>
   <div class='ocr_carea' id='block_1_10' title="bbox 64 2934 1203 3241">
    <p class='ocr_par' dir='ltr' id='par_1_11' title="bbox 64 2934 1203 3254">
     <span class='ocr_line' id='line_1_26' title="bbox 68 2934 1182 3031; baseline 0.002 -28"><span class='ocrx_word' id='word_1_184' title='bbox 68 2935 407 3031; x_wconf 65' lang='lat' dir='ltr'><strong>139.proposue1·at.&#39;</strong></span> <span class='ocrx_word' id='word_1_185' title='bbox 446 2940 489 3008; x_wconf 82' lang='lat' dir='ltr'><strong>V.</strong></span> <span class='ocrx_word' id='word_1_186' title='bbox 513 2940 624 3031; x_wconf 62' lang='lat' dir='ltr'><strong>Epist,</strong></span> <span class='ocrx_word' id='word_1_187' title='bbox 647 2939 734 3010; x_wconf 88' lang='lat' dir='ltr'><strong>Phil.</strong></span> <span class='ocrx_word' id='word_1_188' title='bbox 767 2964 801 3031; x_wconf 91' lang='lat' dir='ltr'><strong>p.</strong></span> <span class='ocrx_word' id='word_1_189' title='bbox 830 2939 899 3005; x_wconf 80' lang='lat'><strong>160.</strong></span> <span class='ocrx_word' id='word_1_190' title='bbox 920 3018 924 3023; x_wconf 22' lang='lat'>⁵</span> <span class='ocrx_word' id='word_1_191' title='bbox 946 2939 996 3005; x_wconf 88' lang='lat' dir='ltr'><strong>Ita</strong></span> <span class='ocrx_word' id='word_1_192' title='bbox 1025 2962 1103 3005; x_wconf 87' lang='lat' dir='ltr'><strong>vero</strong></span> <span class='ocrx_word' id='word_1_193' title='bbox 1178 2934 1182 2940; x_wconf 67' lang='grc'><strong>’</strong></span> 
     </span>
     <span class='ocr_line' id='line_1_27' title="bbox 64 3041 1203 3137; baseline 0.005 -30"><span class='ocrx_word' id='word_1_194' title='bbox 64 3067 172 3134; x_wconf 89' lang='lat' dir='ltr'><strong>quum</strong></span> <span class='ocrx_word' id='word_1_195' title='bbox 205 3041 341 3134; x_wconf 84' lang='lat' dir='ltr'><strong>longius</strong></span> <span class='ocrx_word' id='word_1_196' title='bbox 375 3044 623 3137; x_wconf 83' lang='lat' dir='ltr'><strong>protraheretur</strong></span> <span class='ocrx_word' id='word_1_197' title='bbox 653 3041 801 3122; x_wconf 90' lang='lat' dir='ltr'><strong>obsidio,</strong></span> <span class='ocrx_word' id='word_1_198' title='bbox 840 3066 940 3133; x_wconf 86' lang='lat' dir='ltr'><strong>quam</strong></span> <span class='ocrx_word' id='word_1_199' title='bbox 970 3043 1105 3134; x_wconf 88' lang='lat' dir='ltr'><strong>copiose</strong></span> <span class='ocrx_word' id='word_1_200' title='bbox 1201 3107 1203 3113; x_wconf 83' lang='lat'><em>.</em></span> 
     </span>
     <span class='ocr_line' id='line_1_28' title="bbox 64 3145 1105 3241; baseline -0.001 -28"><span class='ocrx_word' id='word_1_201' title='bbox 64 3145 240 3239; x_wconf 83' lang='lat' dir='ltr'><strong>descripsit</strong></span> <span class='ocrx_word' id='word_1_202' title='bbox 261 3145 430 3223; x_wconf 86' lang='lat' dir='ltr'><strong>Diodorus</strong></span> <span class='ocrx_word' id='word_1_203' title='bbox 450 3147 544 3229; x_wconf 87' lang='lat' dir='ltr'>XVI,</span> <span class='ocrx_word' id='word_1_204' title='bbox 567 3145 611 3238; x_wconf 74' lang='grc'><strong>74</strong></span> <span class='ocrx_word' id='word_1_205' title='bbox 632 3171 706 3241; x_wconf 84' lang='lat' dir='ltr'><strong>sqq.</strong></span> <span class='ocrx_word' id='word_1_206' title='bbox 712 3196 723 3230; x_wconf 92' lang='lat'><strong>,</strong></span> <span class='ocrx_word' id='word_1_207' title='bbox 746 3169 858 3236; x_wconf 86' lang='lat' dir='ltr'><strong>neque</strong></span> <span class='ocrx_word' id='word_1_208' title='bbox 881 3163 992 3214; x_wconf 80' lang='lat' dir='ltr'><strong>tamen</strong></span> <span class='ocrx_word' id='word_1_209' title='bbox 1014 3170 1105 3212; x_wconf 86' lang='lat' dir='ltr'><strong>acer-</strong></span> 
     </span>
    </p>
   </div>
   <div class='ocr_carea' id='block_1_11' title="bbox 56 3565 1200 3742">
    <p class='ocr_par' dir='ltr' id='par_1_12' title="bbox 56 3565 1200 3742">
     <span class='ocr_line' id='line_1_29' title="bbox 106 3565 1200 3656; baseline -0.002 -25"><span class='ocrx_word' id='word_1_210' title='bbox 106 3566 135 3654; x_wconf 82' lang='grc'><strong>“&gt;</strong></span> <span class='ocrx_word' id='word_1_211' title='bbox 156 3569 206 3631; x_wconf 87' lang='lat' dir='ltr'><strong>Ad</strong></span> <span class='ocrx_word' id='word_1_212' title='bbox 228 3571 345 3655; x_wconf 82' lang='lat' dir='ltr'><strong>Olymp.</strong></span> <span class='ocrx_word' id='word_1_213' title='bbox 376 3570 462 3651; x_wconf 87' lang='lat' dir='ltr'>CIX,</span> <span class='ocrx_word' id='word_1_214' title='bbox 489 3568 516 3643; x_wconf 77' lang='lat' dir='ltr'><strong>,cI</strong></span> <span class='ocrx_word' id='word_1_215' title='bbox 548 3570 688 3633; x_wconf 73' lang='lat' dir='ltr'><strong>Cot-sinus</strong></span> <span class='ocrx_word' id='word_1_216' title='bbox 716 3593 838 3656; x_wconf 88' lang='lat' dir='ltr'><strong>quoque</strong></span> <span class='ocrx_word' id='word_1_217' title='bbox 860 3565 908 3656; x_wconf 78' lang='lat' dir='ltr'><strong>(F.</strong></span> <span class='ocrx_word' id='word_1_218' title='bbox 932 3570 967 3632; x_wconf 77' lang='lat' dir='ltr'><strong>A.</strong></span> <span class='ocrx_word' id='word_1_219' title='bbox 990 3569 1059 3630; x_wconf 90' lang='lat' dir='ltr'><strong>Vol.</strong></span> <span class='ocrx_word' id='word_1_220' title='bbox 1082 3569 1104 3630; x_wconf 88' lang='lat'><strong>1.</strong></span> <span class='ocrx_word' id='word_1_221' title='bbox 1197 3634 1200 3642; x_wconf 41' lang='lat'><strong>,</strong></span> 
     </span>
     <span class='ocr_line' id='line_1_30' title="bbox 56 3655 1107 3742; baseline -0.001 -24"><span class='ocrx_word' id='word_1_222' title='bbox 56 3693 60 3698; x_wconf 90' lang='lat'>-</span> <span class='ocrx_word' id='word_1_223' title='bbox 151 3656 220 3718; x_wconf 81' lang='lat' dir='ltr'><strong>diss.</strong></span> <span class='ocrx_word' id='word_1_224' title='bbox 247 3658 328 3736; x_wconf 85' lang='lat' dir='ltr'><strong>VIII,</strong></span> <span class='ocrx_word' id='word_1_225' title='bbox 349 3679 375 3742; x_wconf 81' lang='lat' dir='ltr'><strong>e.</strong></span> <span class='ocrx_word' id='word_1_226' title='bbox 402 3679 440 3736; x_wconf 80' lang='lat'><strong>19</strong></span> <span class='ocrx_word' id='word_1_227' title='bbox 470 3674 498 3718; x_wconf 86' lang='lat' dir='ltr'><strong>et</strong></span> <span class='ocrx_word' id='word_1_228' title='bbox 521 3655 578 3742; x_wconf 77' lang='grc' dir='ltr'><strong>ιο)</strong></span> <span class='ocrx_word' id='word_1_229' title='bbox 605 3658 874 3742; x_wconf 87' lang='lat' dir='ltr'><strong>pseudeponymum</strong></span> <span class='ocrx_word' id='word_1_230' title='bbox 896 3658 1036 3720; x_wconf 89' lang='lat' dir='ltr'><strong>Neoclem</strong></span> <span class='ocrx_word' id='word_1_231' title='bbox 1056 3678 1107 3717; x_wconf 89' lang='lat' dir='ltr'><strong>re·</strong></span> 
     </span>
    </p>
   </div>
   <div class='ocr_carea' id='block_1_12' title="bbox 149 3744 1238 4177">
    <p class='ocr_par' dir='ltr' id='par_1_13' title="bbox 149 3744 1238 4087">
     <span class='ocr_line' id='line_1_31' title="bbox 150 3744 1207 3828; baseline -0.002 -25"><span class='ocrx_word' id='word_1_232' title='bbox 150 3744 216 3804; x_wconf 89' lang='lat' dir='ltr'><strong>tulit</strong></span> <span class='ocrx_word' id='word_1_233' title='bbox 238 3745 290 3826; x_wconf 91' lang='lat' dir='ltr'><strong>qui</strong></span> <span class='ocrx_word' id='word_1_234' title='bbox 312 3747 505 3828; x_wconf 81' lang='lat' dir='ltr'><strong>praescriptus</strong></span> <span class='ocrx_word' id='word_1_235' title='bbox 528 3761 571 3806; x_wconf 82' lang='lat' dir='ltr'><strong>est</strong></span> <span class='ocrx_word' id='word_1_236' title='bbox 592 3746 715 3806; x_wconf 88' lang='lat' dir='ltr'><strong>decretis</strong></span> <span class='ocrx_word' id='word_1_237' title='bbox 736 3746 847 3823; x_wconf 86' lang='lat' dir='ltr'><strong>Eubuli</strong></span> <span class='ocrx_word' id='word_1_238' title='bbox 869 3761 898 3806; x_wconf 89' lang='lat' dir='ltr'><strong>et</strong></span> <span class='ocrx_word' id='word_1_239' title='bbox 910 3746 953 3806; x_wconf 87' lang='grc' dir='ltr'><strong>Αι</strong></span> <span class='ocrx_word' id='word_1_240' title='bbox 939 3745 1106 3826; x_wconf 83' lang='lat' dir='ltr'><strong>ristophon·</strong></span> <span class='ocrx_word' id='word_1_241' title='bbox 1195 3762 1207 3772; x_wconf 62' lang='grc'><strong>“</strong></span> 
     </span>
     <span class='ocr_line' id='line_1_32' title="bbox 151 3819 1232 3905; baseline -0.003 -14"><span class='ocrx_word' id='word_1_242' title='bbox 151 3831 207 3905; x_wconf 77' lang='lat' dir='ltr'><strong>tis3</strong></span> <span class='ocrx_word' id='word_1_243' title='bbox 228 3831 359 3892; x_wconf 84' lang='lat' dir='ltr'><strong>confusis</strong></span> <span class='ocrx_word' id='word_1_244' title='bbox 379 3846 474 3892; x_wconf 66' lang='lat' dir='ltr'><strong>umen</strong></span> <span class='ocrx_word' id='word_1_245' title='bbox 505 3831 664 3894; x_wconf 85' lang='lat' dir='ltr'><strong>rationibus</strong></span> <span class='ocrx_word' id='word_1_246' title='bbox 691 3819 836 3893; x_wconf 88' lang='lat' dir='ltr'><strong>Wolfium</strong></span> <span class='ocrx_word' id='word_1_247' title='bbox 867 3835 950 3893; x_wconf 84' lang='lat' dir='ltr'><strong>etiam</strong></span> <span class='ocrx_word' id='word_1_248' title='bbox 972 3834 1001 3890; x_wconf 89' lang='lat' dir='ltr'><strong>iu</strong></span> <span class='ocrx_word' id='word_1_249' title='bbox 1024 3850 1106 3889; x_wconf 89' lang='lat' dir='ltr'><strong>erro·</strong></span> <span class='ocrx_word' id='word_1_250' title='bbox 1229 3898 1232 3905; x_wconf 24' lang='grc'>1</span> 
     </span>
     <span class='ocr_line' id='line_1_33' title="bbox 149 3914 1238 4020; baseline -0.006 -40"><span class='ocrx_word' id='word_1_251' title='bbox 149 3938 213 3980; x_wconf 86' lang='lat' dir='ltr'><strong>rem</strong></span> <span class='ocrx_word' id='word_1_252' title='bbox 234 3914 362 3993; x_wconf 84' lang='lat' dir='ltr'><strong>abduxit,</strong></span> <span class='ocrx_word' id='word_1_253' title='bbox 384 3933 417 3978; x_wconf 90' lang='lat' dir='ltr'><strong>ut</strong></span> <span class='ocrx_word' id='word_1_254' title='bbox 444 3916 483 3980; x_wconf 82' lang='lat' dir='ltr'><strong>ad</strong></span> <span class='ocrx_word' id='word_1_255' title='bbox 505 3920 613 4002; x_wconf 87' lang='lat' dir='ltr'><strong>Olymp</strong></span> <span class='ocrx_word' id='word_1_256' title='bbox 614 3918 731 3997; x_wconf 86' lang='lat' dir='ltr'><strong>CIX,</strong></span> <span class='ocrx_word' id='word_1_257' title='bbox 759 3922 777 3981; x_wconf 80' lang='lat'><strong>3</strong></span> <span class='ocrx_word' id='word_1_258' title='bbox 801 3939 945 4020; x_wconf 79' lang='lat' dir='ltr'><strong>eponymo</strong></span> <span class='ocrx_word' id='word_1_259' title='bbox 966 3917 1107 3999; x_wconf 78' lang='lat' dir='ltr'><strong>sosigene</strong></span> <span class='ocrx_word' id='word_1_260' title='bbox 1232 3920 1238 3951; x_wconf 67' lang='lat'><em>³</em></span> 
     </span>
     <span class='ocr_line' id='line_1_34' title="bbox 153 3961 1170 4139; baseline -0.003 -75"><span class='ocrx_word' id='word_1_261' title='bbox 153 4003 307 4066; x_wconf 86' lang='lat' dir='ltr'><strong>Corsinum</strong></span> <span class='ocrx_word' id='word_1_262' title='bbox 337 3961 453 4066; x_wconf 81' lang='lat' dir='ltr'><strong>decreta</strong></span> <span class='ocrx_word' id='word_1_263' title='bbox 480 3992 527 4068; x_wconf 84' lang='lat' dir='ltr'><strong>illa</strong></span> <span class='ocrx_word' id='word_1_264' title='bbox 559 4006 692 4071; x_wconf 77' lang='lat' dir='ltr'><strong>retulisse</strong></span> <span class='ocrx_word' id='word_1_265' title='bbox 720 3964 882 4121; x_wconf 73' lang='lat' dir='ltr'><strong>bredenet&#39;</strong></span> <span class='ocrx_word' id='word_1_266' title='bbox 874 4029 903 4068; x_wconf 85' lang='lat' dir='ltr'><strong>to</strong></span> <span class='ocrx_word' id='word_1_267' title='bbox 925 4003 1046 4139; x_wconf 74' lang='lat' dir='ltr'><strong>Proleg.</strong></span> <span class='ocrx_word' id='word_1_268' title='bbox 1068 3998 1107 4096; x_wconf 82' lang='lat' dir='ltr'><strong>ad</strong></span> <span class='ocrx_word' id='word_1_269' title='bbox 1122 4014 1142 4079; x_wconf 53' lang='lat' dir='ltr'><em>j</em></span> <span class='ocrx_word' id='word_1_270' title='bbox 1168 4048 1170 4052; x_wconf 87' lang='lat'><em>.</em></span> 
     </span>
    </p>

    <p class='ocr_par' dir='ltr' id='par_1_14' title="bbox 152 4091 452 4177">
     <span class='ocr_line' id='line_1_35' title="bbox 152 4091 452 4177; baseline 0.007 -25"><span class='ocrx_word' id='word_1_271' title='bbox 152 4091 269 4177; x_wconf 85' lang='lat' dir='ltr'><strong>Leptin.</strong></span> <span class='ocrx_word' id='word_1_272' title='bbox 290 4114 320 4176; x_wconf 89' lang='lat' dir='ltr'><strong>p.</strong></span> <span class='ocrx_word' id='word_1_273' title='bbox 345 4091 452 4154; x_wconf 85' lang='lat' dir='ltr'><strong>CXIII.</strong></span> 
     </span>
    </p>
   </div>
   <div class='ocr_carea' id='block_1_13' title="bbox 0 0 1305 4672">
    <p class='ocr_par' dir='ltr' id='par_1_15' title="bbox 0 0 1305 4672">
     <span class='ocr_line' id='line_1_36' title="bbox 0 0 1305 4672; baseline 0 0"><span class='ocrx_word' id='word_1_274' title='bbox 0 0 1305 4672; x_wconf 95' lang='lat' dir='ltr'><strong> </strong></span> 
     </span>
    </p>
   </div>
  </div>
 </body>
</html>
