2594 4672
461 287 464 292 ·
560 216 717 375 ..εεζ

120 456 159 502 ex
179 433 385 528 grammatici
406 431 545 505 alicuius
567 453 624 505 aut
643 436 787 509 rhetoris
813 435 949 528 ingenio
971 434 1072 502 fluere
1093 458 1155 528 po-

120 538 238 621 tuisse,
270 535 329 605 sed
351 541 487 608 omnino
516 562 554 606 ea
575 541 721 634 antiquis
742 540 965 608 monumentis
986 539 1051 607 niti
1073 564 1154 608 con·
1262 615 1263 618 Ἴ

118 639 217 710 cedas
238 664 371 710 necesse
393 644 446 712 sit.
489 643 546 712 Ad
574 643 674 737 quod,
693 643 960 712 confirmandum
988 641 1040 710 vel
1062 645 1154 736 ipsae

117 745 229 816 valent
259 743 515 840 discrepantiae,
557 738 679 840 quibus
713 744 929 820 monumenta
957 747 1154 839 laborant,*)

195 1080 240 1142 ab
271 1105 307 1142 eo
337 1083 483 1144 diversum
504 1103 583 1160 esse,
619 1081 703 1165 quod
731 1083 819 1144 Ιειααι
846 1106 862 1144 a
888 1086 1089 1156 Demosthene
1110 1100 1154 1155 est

195 1170 252 1230 ιο1.
275 1169 387 1246 CVIII,
418 1169 656 1252 aMunychione
678 1169 720 1231 111
746 1169 784 1232 de
805 1171 969 1233 maturanda
993 1172 1153 1254 legatorum

186 1308 188 1312 .
201 1255 392 1336 profectione.
533 1284 536 1288 Δ
692 1255 696 1263 ’

123 1380 125 1385 -
244 1331 326 1401 Idem
358 1341 538 1403 Callisthenis
566 1342 714 1403 decretum
751 1341 800 1419 (de
816 1354 819 1358 “
836 1363 897 1404 cor.
928 1365 960 1426 p.
992 1345 1066 1420 238)
1095 1366 1153 1404 non

181 1426 347 1497 'diversum
377 1430 514 1489 exstimat
542 1428 665 1506 abillo,
698 1430 781 1512 quod
802 1429 890 1489 latum
911 1445 954 1490 cst
976 1429 1025 1490 01.
1047 1428 1154 1507 CVIII,

118 1521 120 1524 ’
143 1577 148 1589 ,
203 1534 221 1574 a
246 1509 413 1597 Scirophor.
434 1515 564 1593 XXVII,
585 1516 639 1575 nisi
661 1515 744 1599 quod
764 1516 811 1575 hic
833 1516 916 1575 ctiam
933 1517 1016 1576 fictus
1037 1515 1152 1592 archon,

133 1626 136 1632 ·
196 1600 286 1663 dctus
308 1603 391 1666 etiam
412 1604 516 1662 mensis
538 1618 566 1662 et
589 1601 651 1662 dies
683 1601 720 1662 ab
748 1602 953 1684 interpolatore
982 1603 1153 1684 praescripti

115 1728 122 1733 -
201 1688 266 1747 sint.
313 1689 427 1771 Nempe
449 1689 588 1750 Heraclea
617 1688 691 1749 intra
708 1686 828 1749 'moenia
861 1689 921 1770 agi,
949 1711 1008 1749 non
1040 1681 1151 1747 eodem

114 1852 115 1857 ἵ
201 1773 381 1834 Callisthenis
408 1777 517 1836 iussum
544 1797 606 1835 esse
636 1773 771 1852 decreto,
800 1775 853 1835 sed
874 1775 1041 1857 Diophauti,
1067 1772 1152 1858 quod

204 1861 288 1920 simul
315 1883 381 1921 cnm
410 1862 459 1922 illo
490 1878 627 1922 memorat
652 1855 861 1922 Demosthenes
888 1883 921 1923 π.
950 1876 1090 1944 παραπρ.
1118 1882 1151 1942 p.

203 1949 276 2009 368.
297 1981 341 1994 ··-
369 1949 410 2009 At
439 1950 597 2030 Diophanti
617 1947 767 2021 decretum
787 1947 824 2008 ad
846 1948 895 2012 01.
917 1947 1009 2025 CVII,
1035 1969 1048 2009 ι
1072 1947 1151 2008 refe-

161 2042 163 2046 ’
200 2033 323 2093 rendum
344 2049 402 2112 est,
432 2051 461 2095 et
488 2035 582 2096 latum·
605 2051 647 2095 est
668 2055 727 2096 non
754 2033 792 2094 de
814 2032 1014 2120 σκευαγωγίφ,
1035 2055 1090 2095 nec
1111 2034 1149 2094 de

200 2118 365 2196 Heracleis‚
391 2120 444 2181 scd
473 2121 511 2181 de
539 2124 656 2202 pompis
672 2121 675 2125 ’
689 2134 719 2180 et
747 2122 1006 2203 supplicationibus
1038 2118 1147 2203 quibus

114 2240 120 2252 ι
198 2207 301 2286 gratias
323 2207 377 2266 diis
399 2221 515 2288 agerent
536 2207 723 2266 Athenienses
745 2206 784 2265 ob
806 2207 974 2288 Philippum
994 2207 1032 2268 ad
1053 2208 1149 2268 Ther·

181 2291 329 2372 -mopylas
357 2313 521 2374 repressum
550 2291 598 2352 01.
621 2291 721 2367 CVII,
755 2312 781 2349 a.
812 2286 910 2350 ¹Prius
932 2292 1057 2374 gloriose
1079 2295 1147 2364 actis

198 2377 409 2439 Demosthenes
429 2379 449 2438 l.
472 2400 496 2438 c.
520 2379 643 2460 opponit
663 2374 798 2453 recentia,
820 2398 895 2458 quae
917 2399 970 2458 per
987 2379 1146 2460 legatorum

198 2463 348 2545 perfidiam
371 2464 508 2524 dedecori
531 2463 766 2546 detrimentoque
788 2463 907 2522 civitatis
924 2462 1053 2524 confecta
1075 2466 1144 2534 sint:

198 2547 248 2609 καί
276 2544 395 2628 μάταια
415 2547 473 2628 μὲν
500 2543 520 2630 ἦ
550 2543 701 2632 πρότερον
719 2542 856 2628 βοήθεια
881 2544 933 2620 εἰς·
951 2542 1064 2621 Πύλας
1084 2550 1145 2626 (01.

198 2636 290 2714 CVII,
317 2640 344 2715 ι)
365 2629 439 2716 ύμΐν
459 2633 589 2718 γε’γονεν,
611 2631 651 2717 ἣν
670 2630 751 2716 μετὰ
771 2628 919 2696 πλειόνων
938 2629 959 2717 ἢ
982 2634 1146 2699 διακοσίων

196 2717 357 2785 ταλάντων
384 2719 574 2805 ἐποιήσασθε
602 2725 644 2806 (p.
679 2727 740 2803 367
770 2723 862 2800 exta).
911 2723 989 2784 Tum
1020 2747 1051 2807 p.
1082 2727 1142 2786 368

197 2810 250 2870 in:
277 2807 344 2891 λίγε
376 2807 415 2892 δὴ
445 2805 481 2872 τὸ
509 2804 661 2889 ψήφισμα
687 2803 793 2886 λαβὼν
818 2804 855 2870 τύ
884 2811 943 2871 τού
963 2805 1145 2894 Διοφάντου
1200 2854 1204 2858 -
1263 2879 1265 2887 ,

196 2893 247 2956 καὶ
279 2892 315 2957 τὸ
345 2899 402 2958 τού
429 2893 681 2974 Καλλισθένους,
713 2893 753 2957 ‘tv’
775 2890 961 2976 είύῆτε“ύτι,
991 2892 1009 2957 ὅ
1017 2918 1056 2959 τε
1076 2895 1143 2976 μὲν

196 2977 243 3043 τὰ
265 2979 388 3049 δέοντ’
416 2980 597 3060 ἐποιεῖτε,
625 2984 746 3046 θυσιῶν
772 2981 822 3043 καὶ
844 2980 976 3052 ἐπαίνων
994 2978 1143 3063 ἠξιοῦσθε
1219 3017 1222 3024 -

198 3103 239 3115 --
261 3065 364 3146 ἐπειδὴ
386 3068 413 3132 δ’
432 3062 494 3131 ont
526 3064 646 3131 τούτων
666 3064 934 3150 παρεκρούσθητε,
958 3068 1073 3142 παῖδας
1092 3068 1144 3131 καὶ

194 3161 340 3238 γυναῖκας
369 3154 402 3218 ἐκ
427 3158 491 3218 τῶν
518 3152 622 3238 ἀγρῶν
642 3152 876 3232 κατεκομίζεσθε
897 3153 947 3216 καί
974 3149 1014 3216 τὰ
1039 3147 1143 3239 Ἦροί-

195 3245 280 3304 κλεια
301 3238 387 3316 ἐντὸς
407 3241 527 3324 τείχους
558 3238 647 3304 θύειν
668 3238 858 3323 ἐψηφίζεσθε
886 3236 1008 3324 είρήνης
1036 3239 1140 3324 ούσης.
1244 3257 1247 3263 “

195 3333 295 3412 Atque
316 3333 435 3392 recitare
457 3333 549 3391 statim
571 3352 659 3388 unum
687 3328 834 3388 decretum
856 3329 947 3404 iubet,
971 3325 1142 3414 Diophanti‚

196 3439 258 3523 pua
284 3420 418 3495 recitato,
457 3419 556 3477 τούτο
584 3413 642 3493 μὲν
677 3408 777 3475 τότε.
799 3415 860 3490 (01.
889 3401 988 3493 CVII,
1020 3420 1063 3495 a),
1093 3420 1140 3496 ait,

140 3578 144 3583 ι
195 3503 296 3580 αξια,
327 3493 510 3580 dalet„
543 3504 617 3562 τῶν
638 3496 907 3582 πεπραγμένων
928 3499 1140 3587 ἐψηφίσασθε.

194 3586 262 3671 λέγε
290 3587 325 3651 δὲ
355 3586 395 3651 τὰ
423 3584 503 3668 μετὰ
528 3590 628 3649 ταῦτα
656 3588 815 3665 (decretum
841 3588 1019 3670 Callisthenis
1040 3593 1140 3681 eadqn
1164 3637 1169 3651 .

185 3679 326 3737 ¹nimirum
348 3680 451 3760 pagina
472 3685 552 3759 post
567 3675 639 3734 illud
654 3676 819 3757 Diophanti
848 3675 994 3752 decretum
1017 3682 1141 3760 perscri-

195 3765 299 3846 ptum).
315 3772 316 3777 ’
342 3765 490 3823 Recitatur
505 3762 671 3836 decretum,
683 3763 778 3843 pergit
790 3762 1017 3824 Domostlteacs:
1042 3768 1140 3841 ταῦτα

193 3842 257 3909 τότ’
280 3849 339 3926 (01.
363 3849 468 3926 CVIII,
492 3851 521 3925 a)
544 3841 729 3932 ἐψηφίζεσθ’
750 3839 838 3961 duait
860 3844 911 3909 διὰ
927 3847 1070 3922 τούτους.

151 3969 174 4049 'l
196 3969 345 4032 Eiusmodi
370 3969 564 4052 ,discrepantia
591 3993 701 4031 unat.
718 3992 749 4057 vc.
766 3971 829 4046 est,
864 3969 945 4054 quod
977 3975 1140 4058 Cottyphus

195 4059 224 4152 in
255 4057 387 4149 decreto·
400 4056 637 4140 Amphictyoaico
664 4056 700 4118 lI.
723 4058 765 4141 (p.
787 4059 862 4138 279)
891 4060 1002 4151 Arc'as
1024 4079 1140 4126 vocatur
