2594 4672
506 284 662 393 Au..

68 456 240 521 continuos
263 451 417 520 mercede
439 455 595 524 militavit
620 455 681 523 sub
705 456 881 548 Iphicrate,
903 474 1005 545 quem
1026 472 1102 546 post

65 556 231 648 Amyntae
252 559 340 648 regis
363 556 580 625 Macedoniae
602 552 752 641 mortem,
777 558 831 627 Ol.
847 558 919 638 CII,
941 559 973 639 3,
995 559 1101 625 Athe-

65 663 196 727 nienses
233 660 275 726 ad
304 660 567 753 recuperandam
601 663 835 756 Amphipolim
870 662 1027 728 miserant
1056 664 1100 751 (v.

66 764 352 856 cap.ll.1.p..39).
398 766 495 831 Dem.
516 764 922 856 or.inAristocr.p.669.
968 766 1101 837 Deinde
1182 833 1184 836 .

66 891 179 959 quum⁴
194 868 351 958 Iphicrati
372 870 552 961 imperium
571 870 763 961 abrogatum
789 885 881 951 esset,
908 868 1102 936 Timotheo·

68 994 135 1062 que
157 970 313 1052 delatum,
337 977 376 1038 ab
400 972 583 1063 Olynthiis,
606 972 760 1040 adversus
783 995 866 1063 quos
881 989 951 1038 tum
972 989 1114 1069 tempo-¹
1192 999 1194 1003 ’

65 1075 112 1141 ris
133 1073 393 1140 Atheniensibus
424 1092 591 1153 certamen
618 1075 661 1141 de
682 1072 883 1166 Amphipoli
906 1093 990 1156 eret,
1021 1099 1102 1143 con·

66 1174 186 1243 ductus
209 1176 346 1268 quidem
369 1194 435 1258 est,
465 1177 524 1244 sed
549 1179 671 1244 itinere
699 1178 739 1243 ab
767 1180 887 1245 Atticis
909 1181 1100 1247 triremibus

16 1284 18 1288 ⁴
65 1281 276 1370 interceptus
300 1277 367 1348 fide
402 1279 478 1348 data
517 1282 732 1350 Timotheum
770 1306 883 1346 rursus
917 1280 1100 1363 adiuvabat,

67 1406 168 1475 quem
198 1380 252 1449 Ol.
283 1384 361 1468 CV,
394 1409 405 1450 1
440 1386 478 1451 in
505 1383 730 1479 recuperanda
756 1384 955 1476 Amphipoli
976 1387 1102 1452 vietum

66 1510 164 1577 supra
187 1486 362 1555 docuimus
384 1493 471 1579 (cap.
488 1489 546 1567 ll,
582 1513 608 1554 1.
638 1515 674 1582 p.
706 1490 772 1578 39).
823 1489 865 1556 V.
897 1489 995 1553 Dem.
1024 1487 1047 1553 l.
1071 1513 1100 1556 c.

64 1591 153 1655 Tum
174 1591 290 1657 relicto
313 1592 492 1660 Timotheo
514 1592 554 1658 ab
577 1591 775 1684 Amphipoli
800 1593 837 1656 in
860 1591 974 1656 Asiam
996 1609 1102 1659 trans-

64 1717 191 1784 gressus
222 1713 285 1776 est,
316 1694 430 1786 ibique
457 1720 518 1785 per
550 1694 686 1788 aliquod
713 1713 843 1786 tempus
879 1713 1101 1763 commoratus

64 1795 107 1862 ad
139 1797 259 1890 Cotym
286 1800 432 1880 transiit,
460 1801 623 1865 Thraciae
656 1823 787 1891 regem,
823 1790 970 1889 quotum
997 1799 1102 1866 Athe-

37 1901 194 1978 nienses
218 1901 259 1967 de
284 1902 490 1971 Chersoneso
517 1902 720 1995 pugnabant.
766 1903 854 1968 Dem
880 1900 903 1968 l.
927 1927 955 1968 c.
977 1929 1013 1995 p.
1035 1903 1099 1992 670

63 2029 137 2097 sqq.
181 2005 234 2070 Ah
262 2005 325 2073 hoc
355 2006 449 2074 brevi
475 2025 565 2098 post,
596 2005 652 2072 Ol.
677 2006 753 2088 CV,
777 2030 808 2088 a,
830 2030 892 2097 per
913 2005 1102 2097 Pythonem

61 2125 178 2176 necato
220 2106 452 2200 Corsobleptae
491 2109 609 2176 infanti
641 2115 760 2177 custos'
776 2127 809 2176 et
840 2126 931 2176 tutor
963 2107 1099 2177 relictus

62 2236 140 2277 cum
162 2212 421 2278 Atheniensibus
454 2214 491 2278 in
524 2213 730 2279 Chersoneso
758 2209 882 2304 pacisci
911 2202 1040 2305 coepit,
1068 2230 1101 2282 et

61 2338 100 2382 eo
127 2316 338 2405 potissimum
352 2332 484 2382 auctore
503 2314 726 2401 Athenienses¹
744 2314 945 2382 a'Thraeiae
965 2317 1099 2408 regibus

31 2404 34 2409 ,
63 2418 263 2485 Chersonesi
285 2422 524 2509 possessionem
547 2411 652 2484 tutam
669 2434 923 2510 ‘recuperarunt
956 2418 1013 2484 Ol.
1039 2419 1100 2487 CV

62 2524 93 2591 3.
116 2521 158 2588 V.
174 2546 246 2613 sup.
271 2547 344 2613 cap.
367 2522 431 2603 lv,
452 2537 484 2612 9.
530 2522 636 2588 Cuius
658 2523 695 2588 in
716 2522 836 2612 primis
858 2520 936 2588 sacti
958 2525 1098 2613 gratiam

60 2625 241 2692 referentes
264 2626 483 2692 Athenienses
506 2645 547 2694 ct.
560 2627 665 2693 civem
679 2622 919 2692 Charidemum
940 2623 1099 2708 fecerunt,

60 2747 94 2796 et
116 2754 213 2795 aurea
236 2753 358 2796 corona
377 2728 544 2797 donarunt
576 2729 652 2818 (Or.
688 2732 725 2796 in
760 2731 919 2798 Aristoor.
953 2755 988 2823 p.
1023 2731 1099 2813 666,

60 2833 148 2923 668).
193 2834 238 2900 Et
260 2858 378 2926 magna
407 2852 479 2901 tum
507 2834 652 2921 Athenis
677 2835 801 2902 exstitit
828 2833 937 2915 factio,
961 2858 1046 2925 quae
1068 2836 1099 2902 ei

60 2937 201 3029 gratiam
223 2937 343 3030 populi
365 2935 558 3005 omnimodo
581 2936 760 3005 conciliare
789 2936 970 3006 conabatur
1001 2937 1039 3025 (l.
1068 2959 1098 3001 c.

60 3040 137 3121 668,
159 3041 253 3124 681),
287 3064 350 3107 nec
372 3040 464 3107 aliud
486 3042 673 3134 quidquam
702 3047 827 3131 agebat,
850 3064 953 3131 quam
973 3056 1013 3106 ut
1034 3040 1099 3104 im-

58 3161 194 3236 perator
217 3171 234 3210 a
258 3141 385 3236 populo
413 3163 597 3226 crearetur,
628 3160 666 3209 ut
694 3147 754 3235 qui
776 3142 863 3211 solus
884 3159 997 3236 posset
1016 3143 1099 3208 Am-

58 3247 228 3338 phipolim
258 3248 382 3315 civitati
409 3269 624 3339 recuperare,
654 3249 771 3327 etiam,
794 3269 860 3336 quo
883 3246 985 3312 tutius
1007 3269 1099 3315 com-

11 3438 15 3444 ·
44 3336 159 3417 'moda
182 3352 436 3425 Atheniensium
457 3353 495 3417 in
518 3351 723 3418 Chersoneso
753 3350 875 3441 agitare
895 3365 1016 3441 posset,
1039 3348 1101 3425 de-¹

59 3472 190 3521 cretum
230 3456 325 3523 fieret
330 3506 341 3538 ,
388 3473 425 3522 ut
463 3457 523 3547 qui
552 3452 793 3520 'Charidemum
833 3451 1027 3537 occidisset,
1068 3456 1096 3520 is

57 3557 205 3625 Athenas
239 3548 359 3641 abduci
387 3557 430 3624 ad
448 3556 663 3650 'supplicium
689 3574 801 3651 posset
835 3558 883 3647 (p.
915 3554 982 3649 624
1020 3558 1096 3651 sq.).

57 3663 150 3759 Haec
178 3665 295 3754 agitata
320 3680 405 3728 sunt
431 3663 572 3729 Athenis
604 3662 699 3751 brevi
729 3677 804 3727 ante
834 3661 892 3728 ol.
922 3661 1017 3728 CVII
1024 3710 1034 3741 ,
1069 3671 1104 3725 1.

58 3765 149 3833 lllud
172 3767 262 3831 enim
285 3761 456 3832 decretum
486 3764 523 3832 id
544 3767 655 3858 ipsum
677 3783 742 3846 est,
777 3764 870 3858 quod
900 3765 941 3832 ab
967 3765 1097 3832 Aristo-

57 3871 207 3937 cratein
236 3887 352 3937 senatu
384 3887 553 3961 rogatum,
582 3869 641 3937 sed
662 3868 852 3957 παρανόμων
879 3866 1028 3953 dolatum
1054 3866 1096 3933 ab

56 3972 222 4067 Euthycle
245 3992 303 4054 est,
327 3973 386 4065 qui
414 3971 474 4048 Ol.
498 3972 612 4056 CVII,
649 3998 660 4041 t
688 3974 727 4040 in
746 3973 984 4040 Aristocraten
1004 3969 1097 4043 inve·

56 4098 131 4148 ctus
152 4094 202 4146 est
213 4076 448 4154 Demosthenis
469 4075 530 4145 illa
551 4094 666 4147 coum
676 4073 916 4145 Aristocraten
936 4075 1095 4161 metiore.
1179 4090 1182 4095 '

732 4185 804 4253 20*
