<?xml version="1.0" encoding="UTF-8"?>
<!DOCTYPE html PUBLIC "-//W3C//DTD XHTML 1.0 Transitional//EN"
    "http://www.w3.org/TR/xhtml1/DTD/xhtml1-transitional.dtd">
<html xmlns="http://www.w3.org/1999/xhtml" xml:lang="en" lang="en">
 <head>
  <title>
</title>
<meta http-equiv="Content-Type" content="text/html;charset=utf-8" />
  <meta name='ocr-system' content='tesseract 3.04.00' />
  <meta name='ocr-capabilities' content='ocr_page ocr_carea ocr_par ocr_line ocrx_word'/>
</head>
<body>
  <div class='ocr_page' id='page_1' title='image "./commentariihist00wiengoog_0340.png"; bbox 0 0 2594 4672; ppageno 0'>
   <div class='ocr_carea' id='block_1_1' title="bbox 122 266 1190 2197">
    <p class='ocr_par' dir='ltr' id='par_1_1' title="bbox 122 266 1190 2197">
     <span class='ocr_line' id='line_1_1' title="bbox 416 266 722 382; baseline -0.007 1"><span class='ocrx_word' id='word_1_1' title='bbox 416 327 447 353; x_wconf 59' lang='grc'><strong>.«</strong></span> <span class='ocrx_word' id='word_1_2' title='bbox 511 301 512 305; x_wconf 20' lang='grc' dir='ltr'>ψ</span> <span class='ocrx_word' id='word_1_3' title='bbox 566 266 722 382; x_wconf 65' lang='lat' dir='ltr'><strong>rr..</strong></span> 
     </span>
     <span class='ocr_line' id='line_1_2' title="bbox 129 428 1161 536; baseline -0.006 -24"><span class='ocrx_word' id='word_1_4' title='bbox 129 447 177 512; x_wconf 85' lang='lat' dir='ltr'><strong>cis</strong></span> <span class='ocrx_word' id='word_1_5' title='bbox 201 441 255 512; x_wconf 95' lang='lat' dir='ltr'><strong>Ol.</strong></span> <span class='ocrx_word' id='word_1_6' title='bbox 280 428 410 526; x_wconf 75' lang='lat' dir='ltr'><strong>cvnt&#39;,</strong></span> <span class='ocrx_word' id='word_1_7' title='bbox 442 467 462 512; x_wconf 84' lang='lat' dir='ltr'><strong>a</strong></span> <span class='ocrx_word' id='word_1_8' title='bbox 492 466 570 510; x_wconf 89' lang='lat' dir='ltr'><strong>cum</strong></span> <span class='ocrx_word' id='word_1_9' title='bbox 591 442 751 536; x_wconf 88' lang='lat' dir='ltr'><strong>Philippo</strong></span> <span class='ocrx_word' id='word_1_10' title='bbox 778 440 996 533; x_wconf 89' lang='lat' dir='ltr'><strong>compositae,</strong></span> <span class='ocrx_word' id='word_1_11' title='bbox 1018 437 1161 507; x_wconf 85' lang='lat' dir='ltr'><strong>alterum</strong></span> 
     </span>
     <span class='ocr_line' id='line_1_3' title="bbox 127 543 1190 642; baseline -0.008 -27"><span class='ocrx_word' id='word_1_12' title='bbox 127 574 162 642; x_wconf 90' lang='lat' dir='ltr'><strong>p.</strong></span> <span class='ocrx_word' id='word_1_13' title='bbox 186 552 260 630; x_wconf 80' lang='lat'><strong>238,</strong></span> <span class='ocrx_word' id='word_1_14' title='bbox 282 547 510 642; x_wconf 63' lang='lat' dir='ltr'><strong>tamquam‘id</strong></span> <span class='ocrx_word' id='word_1_15' title='bbox 531 546 700 615; x_wconf 87' lang='lat' dir='ltr'><strong>decretum</strong></span> <span class='ocrx_word' id='word_1_16' title='bbox 721 547 780 628; x_wconf 91' lang='lat' dir='ltr'><strong>sit,</strong></span> <span class='ocrx_word' id='word_1_17' title='bbox 809 543 902 636; x_wconf 82' lang='lat' dir='ltr'><strong>quod</strong></span> <span class='ocrx_word' id='word_1_18' title='bbox 926 560 1003 635; x_wconf 90' lang='lat' dir='ltr'><strong>post</strong></span> <span class='ocrx_word' id='word_1_19' title='bbox 1021 545 1162 610; x_wconf 86' lang='lat' dir='ltr'><strong>nuncia-</strong></span> <span class='ocrx_word' id='word_1_20' title='bbox 1186 602 1190 607; x_wconf 83' lang='lat'><strong>.</strong></span> 
     </span>
     <span class='ocr_line' id='line_1_4' title="bbox 128 645 1160 745; baseline -0.006 -25"><span class='ocrx_word' id='word_1_21' title='bbox 128 671 195 720; x_wconf 90' lang='lat' dir='ltr'><strong>tam</strong></span> <span class='ocrx_word' id='word_1_22' title='bbox 218 654 358 720; x_wconf 83' lang='lat' dir='ltr'>Athenis</span> <span class='ocrx_word' id='word_1_23' title='bbox 379 650 529 745; x_wconf 91' lang='lat' dir='ltr'><strong>Philippi</strong></span> <span class='ocrx_word' id='word_1_24' title='bbox 557 653 596 719; x_wconf 90' lang='lat' dir='ltr'><strong>in</strong></span> <span class='ocrx_word' id='word_1_25' title='bbox 620 648 1082 740; x_wconf 87' lang='lat' dir='ltr'><strong>Phocidemimpressionem</strong></span> <span class='ocrx_word' id='word_1_26' title='bbox 1104 645 1160 714; x_wconf 81' lang='lat' dir='ltr'><strong>Ol.</strong></span> 
     </span>
     <span class='ocr_line' id='line_1_5' title="bbox 129 749 1161 853; baseline -0.006 -30"><span class='ocrx_word' id='word_1_27' title='bbox 129 755 256 841; x_wconf 84' lang='lat' dir='ltr'>CVIII,</span> <span class='ocrx_word' id='word_1_28' title='bbox 284 759 310 831; x_wconf 50' lang='lat'><strong>3.</strong></span> <span class='ocrx_word' id='word_1_29' title='bbox 328 757 588 853; x_wconf 87' lang='lat' dir='ltr'><strong>Scirophorione</strong></span> <span class='ocrx_word' id='word_1_30' title='bbox 617 773 762 823; x_wconf 91' lang='lat' dir='ltr'><strong>extremo</strong></span> <span class='ocrx_word' id='word_1_31' title='bbox 790 750 895 819; x_wconf 91' lang='lat' dir='ltr'><strong>latum</strong></span> <span class='ocrx_word' id='word_1_32' title='bbox 916 776 935 816; x_wconf 87' lang='lat' dir='ltr'><strong>a</strong></span> <span class='ocrx_word' id='word_1_33' title='bbox 957 749 1161 818; x_wconf 90' lang='lat' dir='ltr'><strong>Callisthene</strong></span> 
     </span>
     <span class='ocr_line' id='line_1_6' title="bbox 128 854 1161 956; baseline -0.004 -30"><span class='ocrx_word' id='word_1_34' title='bbox 128 884 197 927; x_wconf 92' lang='lat' dir='ltr'><strong>esse</strong></span> <span class='ocrx_word' id='word_1_35' title='bbox 219 885 318 954; x_wconf 88' lang='lat' dir='ltr'><strong>supra</strong></span> <span class='ocrx_word' id='word_1_36' title='bbox 340 862 388 956; x_wconf 90' lang='lat' dir='ltr'><strong>(p.</strong></span> <span class='ocrx_word' id='word_1_37' title='bbox 415 864 473 929; x_wconf 75' lang='lat'><strong>105</strong></span> <span class='ocrx_word' id='word_1_38' title='bbox 497 861 586 953; x_wconf 88' lang='lat' dir='ltr'><strong>sqq.)</strong></span> <span class='ocrx_word' id='word_1_39' title='bbox 609 861 762 928; x_wconf 89' lang='lat' dir='ltr'><strong>omnibus</strong></span> <span class='ocrx_word' id='word_1_40' title='bbox 785 856 985 947; x_wconf 80' lang='lat' dir='ltr'><strong>argumentis</strong></span> <span class='ocrx_word' id='word_1_41' title='bbox 1006 854 1092 922; x_wconf 90' lang='lat' dir='ltr'><strong>mihi</strong></span> <span class='ocrx_word' id='word_1_42' title='bbox 1113 856 1161 930; x_wconf 86' lang='lat' dir='ltr'><strong>vi-</strong></span> 
     </span>
     <span class='ocr_line' id='line_1_7' title="bbox 127 958 1161 1053; baseline -0.005 -23"><span class='ocrx_word' id='word_1_43' title='bbox 127 962 210 1032; x_wconf 91' lang='lat' dir='ltr'><strong>deor</strong></span> <span class='ocrx_word' id='word_1_44' title='bbox 238 964 491 1031; x_wconf 81' lang='lat' dir='ltr'><strong>demonstrasse.</strong></span> <span class='ocrx_word' id='word_1_45' title='bbox 542 965 731 1053; x_wconf 88' lang='lat' dir='ltr'><strong>Utrumque</strong></span> <span class='ocrx_word' id='word_1_46' title='bbox 761 960 932 1028; x_wconf 89' lang='lat' dir='ltr'><strong>decretum</strong></span> <span class='ocrx_word' id='word_1_47' title='bbox 961 959 1082 1052; x_wconf 88' lang='lat' dir='ltr'><strong>quihus</strong></span> <span class='ocrx_word' id='word_1_48' title='bbox 1099 958 1161 1026; x_wconf 29' lang='lat' dir='ltr'><strong>,la-</strong></span> 
     </span>
     <span class='ocr_line' id='line_1_8' title="bbox 127 1063 1161 1157; baseline -0.004 -23"><span class='ocrx_word' id='word_1_49' title='bbox 127 1073 222 1136; x_wconf 88' lang='lat' dir='ltr'><strong>boret</strong></span> <span class='ocrx_word' id='word_1_50' title='bbox 259 1066 520 1148; x_wconf 88' lang='lat' dir='ltr'><strong>difficultatibus,</strong></span> <span class='ocrx_word' id='word_1_51' title='bbox 556 1067 634 1132; x_wconf 89' lang='lat' dir='ltr'><strong>satis</strong></span> <span class='ocrx_word' id='word_1_52' title='bbox 661 1089 762 1157; x_wconf 87' lang='lat' dir='ltr'><strong>supra</strong></span> <span class='ocrx_word' id='word_1_53' title='bbox 793 1064 930 1154; x_wconf 80' lang='lat' dir='ltr'><strong>cognovi</strong></span> <span class='ocrx_word' id='word_1_54' title='bbox 945 1114 950 1139; x_wconf 77' lang='grc'><strong>,.</strong></span> <span class='ocrx_word' id='word_1_55' title='bbox 965 1079 999 1130; x_wconf 93' lang='lat' dir='ltr'><strong>et</strong></span> <span class='ocrx_word' id='word_1_56' title='bbox 1024 1063 1161 1156; x_wconf 81' lang='lat' dir='ltr'><strong>exposui</strong></span> 
     </span>
     <span class='ocr_line' id='line_1_9' title="bbox 127 1165 1161 1262; baseline -0.003 -25"><span class='ocrx_word' id='word_1_57' title='bbox 127 1173 212 1261; x_wconf 87' lang='lat' dir='ltr'><strong>(cap.</strong></span> <span class='ocrx_word' id='word_1_58' title='bbox 237 1171 300 1251; x_wconf 88' lang='grc' dir='ltr'><strong>ΙΙΙ,</strong></span> <span class='ocrx_word' id='word_1_59' title='bbox 328 1194 364 1250; x_wconf 82' lang='lat' dir='ltr'><strong>a,</strong></span> <span class='ocrx_word' id='word_1_60' title='bbox 388 1172 424 1253; x_wconf 83' lang='lat'><strong>3,</strong></span> <span class='ocrx_word' id='word_1_61' title='bbox 446 1169 499 1260; x_wconf 63' lang='lat'><strong>103</strong></span> <span class='ocrx_word' id='word_1_62' title='bbox 521 1173 623 1262; x_wconf 89' lang='lat' dir='ltr'><strong>quam</strong></span> <span class='ocrx_word' id='word_1_63' title='bbox 643 1185 754 1235; x_wconf 88' lang='lat' dir='ltr'><strong>tamen</strong></span> <span class='ocrx_word' id='word_1_64' title='bbox 775 1167 900 1233; x_wconf 88' lang='lat' dir='ltr'><strong>ibidem</strong></span> <span class='ocrx_word' id='word_1_65' title='bbox 922 1165 1161 1261; x_wconf 87' lang='lat' dir='ltr'><strong>discrepantia-</strong></span> 
     </span>
     <span class='ocr_line' id='line_1_10' title="bbox 127 1270 1159 1365; baseline 0 -25"><span class='ocrx_word' id='word_1_66' title='bbox 127 1296 204 1340; x_wconf 91' lang='lat' dir='ltr'><strong>rum</strong></span> <span class='ocrx_word' id='word_1_67' title='bbox 226 1273 479 1365; x_wconf 81' lang='lat' dir='ltr'><strong>explicationem</strong></span> <span class='ocrx_word' id='word_1_68' title='bbox 493 1274 639 1354; x_wconf 87' lang='lat' dir='ltr'><strong>tentavi,</strong></span> <span class='ocrx_word' id='word_1_69' title='bbox 667 1296 740 1338; x_wconf 88' lang='lat' dir='ltr'><strong>eam</strong></span> <span class='ocrx_word' id='word_1_70' title='bbox 765 1297 858 1338; x_wconf 91' lang='lat' dir='ltr'><strong>nunc</strong></span> <span class='ocrx_word' id='word_1_71' title='bbox 878 1270 1037 1337; x_wconf 81' lang='lat' dir='ltr'><strong>Eoeckhii</strong></span> <span class='ocrx_word' id='word_1_72' title='bbox 1058 1270 1095 1355; x_wconf 76' lang='lat' dir='ltr'><strong>(l.</strong></span> <span class='ocrx_word' id='word_1_73' title='bbox 1115 1273 1159 1362; x_wconf 90' lang='lat' dir='ltr'><strong>c.)</strong></span> 
     </span>
     <span class='ocr_line' id='line_1_11' title="bbox 127 1375 1158 1470; baseline 0 -28"><span class='ocrx_word' id='word_1_74' title='bbox 127 1401 268 1469; x_wconf 87' lang='lat' dir='ltr'><strong>sequens</strong></span> <span class='ocrx_word' id='word_1_75' title='bbox 290 1379 434 1470; x_wconf 84' lang='lat' dir='ltr'><strong>vestigia,</strong></span> <span class='ocrx_word' id='word_1_76' title='bbox 457 1375 701 1469; x_wconf 78' lang='lat' dir='ltr'><strong>reprobandam</strong></span> <span class='ocrx_word' id='word_1_77' title='bbox 730 1384 804 1442; x_wconf 77' lang='lat' dir='ltr'><strong>esse‘</strong></span> <span class='ocrx_word' id='word_1_78' title='bbox 820 1379 965 1468; x_wconf 84' lang='lat' dir='ltr'><strong>ingenue</strong></span> <span class='ocrx_word' id='word_1_79' title='bbox 987 1375 1158 1443; x_wconf 85' lang='lat' dir='ltr'><strong>confiteor.</strong></span> 
     </span>
     <span class='ocr_line' id='line_1_12' title="bbox 127 1469 1158 1573; baseline -0.002 -26"><span class='ocrx_word' id='word_1_80' title='bbox 127 1482 235 1547; x_wconf 90' lang='lat' dir='ltr'><strong>Rebus</strong></span> <span class='ocrx_word' id='word_1_81' title='bbox 258 1483 361 1573; x_wconf 81' lang='lat' dir='ltr'><strong>igitur</strong></span> <span class='ocrx_word' id='word_1_82' title='bbox 382 1504 421 1548; x_wconf 92' lang='lat' dir='ltr'><strong>eo</strong></span> <span class='ocrx_word' id='word_1_83' title='bbox 444 1505 544 1572; x_wconf 88' lang='lat' dir='ltr'><strong>quem</strong></span> <span class='ocrx_word' id='word_1_84' title='bbox 577 1504 679 1572; x_wconf 85' lang='lat' dir='ltr'><strong>supra</strong></span> <span class='ocrx_word' id='word_1_85' title='bbox 706 1478 873 1573; x_wconf 85' lang='lat' dir='ltr'><strong>exploravi</strong></span> <span class='ocrx_word' id='word_1_86' title='bbox 901 1469 1019 1562; x_wconf 77' lang='lat' dir='ltr'><strong>ordine</strong></span> <span class='ocrx_word' id='word_1_87' title='bbox 1047 1476 1158 1545; x_wconf 90' lang='lat' dir='ltr'><strong>denuo</strong></span> 
     </span>
     <span class='ocr_line' id='line_1_13' title="bbox 127 1580 1158 1678; baseline -0.002 -27"><span class='ocrx_word' id='word_1_88' title='bbox 127 1609 219 1651; x_wconf 88' lang='lat' dir='ltr'><strong>nunc</strong></span> <span class='ocrx_word' id='word_1_89' title='bbox 241 1587 277 1651; x_wconf 90' lang='lat' dir='ltr'><strong>in</strong></span> <span class='ocrx_word' id='word_1_90' title='bbox 299 1603 512 1678; x_wconf 90' lang='lat' dir='ltr'><strong>conspectum</strong></span> <span class='ocrx_word' id='word_1_91' title='bbox 533 1585 661 1678; x_wconf 91' lang='lat' dir='ltr'><strong>positis,</strong></span> <span class='ocrx_word' id='word_1_92' title='bbox 682 1588 801 1651; x_wconf 86' lang='lat' dir='ltr'><strong>novam</strong></span> <span class='ocrx_word' id='word_1_93' title='bbox 814 1596 933 1648; x_wconf 62' lang='lat' dir='ltr'><strong>&#39;meam</strong></span> <span class='ocrx_word' id='word_1_94' title='bbox 954 1580 997 1650; x_wconf 90' lang='lat' dir='ltr'><strong>de</strong></span> <span class='ocrx_word' id='word_1_95' title='bbox 1019 1580 1158 1650; x_wconf 84' lang='lat' dir='ltr'><strong>decretis</strong></span> 
     </span>
     <span class='ocr_line' id='line_1_14' title="bbox 127 1685 1159 1779; baseline -0.001 -25"><span class='ocrx_word' id='word_1_96' title='bbox 127 1686 195 1754; x_wconf 90' lang='lat' dir='ltr'><strong>illis</strong></span> <span class='ocrx_word' id='word_1_97' title='bbox 231 1691 428 1756; x_wconf 90' lang='lat' dir='ltr'><strong>sententiam</strong></span> <span class='ocrx_word' id='word_1_98' title='bbox 458 1690 504 1755; x_wconf 88' lang='lat' dir='ltr'><strong>ita</strong></span> <span class='ocrx_word' id='word_1_99' title='bbox 531 1687 616 1754; x_wconf 88' lang='lat' dir='ltr'><strong>mihi</strong></span> <span class='ocrx_word' id='word_1_100' title='bbox 653 1711 817 1779; x_wconf 84' lang='lat' dir='ltr'><strong>exponere</strong></span> <span class='ocrx_word' id='word_1_101' title='bbox 849 1685 965 1766; x_wconf 90' lang='lat' dir='ltr'><strong>liceat,</strong></span> <span class='ocrx_word' id='word_1_102' title='bbox 995 1685 1095 1753; x_wconf 91' lang='lat' dir='ltr'><strong>simul</strong></span> <span class='ocrx_word' id='word_1_103' title='bbox 1121 1702 1159 1754; x_wconf 87' lang='lat' dir='ltr'><strong>ut</strong></span> 
     </span>
     <span class='ocr_line' id='line_1_15' title="bbox 127 1786 1159 1886; baseline 0.001 -30"><span class='ocrx_word' id='word_1_104' title='bbox 127 1816 213 1884; x_wconf 88' lang='lat' dir='ltr'><strong>quae</strong></span> <span class='ocrx_word' id='word_1_105' title='bbox 247 1794 357 1858; x_wconf 90' lang='lat' dir='ltr'><strong>minus</strong></span> <span class='ocrx_word' id='word_1_106' title='bbox 391 1811 466 1886; x_wconf 86' lang='lat' dir='ltr'><strong>apte</strong></span> <span class='ocrx_word' id='word_1_107' title='bbox 496 1810 529 1859; x_wconf 91' lang='lat' dir='ltr'><strong>et</strong></span> <span class='ocrx_word' id='word_1_108' title='bbox 557 1810 707 1859; x_wconf 89' lang='lat' dir='ltr'><strong>accurate</strong></span> <span class='ocrx_word' id='word_1_109' title='bbox 740 1793 777 1857; x_wconf 90' lang='lat' dir='ltr'><strong>in</strong></span> <span class='ocrx_word' id='word_1_110' title='bbox 809 1786 1035 1883; x_wconf 85' lang='lat' dir='ltr'><strong>superioribus</strong></span> <span class='ocrx_word' id='word_1_111' title='bbox 1069 1789 1159 1857; x_wconf 88' lang='lat' dir='ltr'><strong>dicta</strong></span> 
     </span>
     <span class='ocr_line' id='line_1_16' title="bbox 122 1894 1159 1990; baseline 0 -29"><span class='ocrx_word' id='word_1_112' title='bbox 122 1914 300 1989; x_wconf 88' lang='lat' dir='ltr'><strong>propterea</strong></span> <span class='ocrx_word' id='word_1_113' title='bbox 321 1897 398 1978; x_wconf 92' lang='lat' dir='ltr'><strong>sint,</strong></span> <span class='ocrx_word' id='word_1_114' title='bbox 422 1896 514 1990; x_wconf 90' lang='lat' dir='ltr'><strong>quod</strong></span> <span class='ocrx_word' id='word_1_115' title='bbox 534 1915 607 1964; x_wconf 89' lang='lat' dir='ltr'><strong>tum</strong></span> <span class='ocrx_word' id='word_1_116' title='bbox 629 1895 759 1962; x_wconf 87' lang='lat' dir='ltr'><strong>decreta</strong></span> <span class='ocrx_word' id='word_1_117' title='bbox 776 1894 832 1960; x_wconf 87' lang='lat' dir='ltr'><strong>illa</strong></span> <span class='ocrx_word' id='word_1_118' title='bbox 855 1895 896 1960; x_wconf 87' lang='lat' dir='ltr'><strong>ah</strong></span> <span class='ocrx_word' id='word_1_119' title='bbox 918 1895 989 1987; x_wconf 94' lang='lat' dir='ltr'><strong>ipso</strong></span> <span class='ocrx_word' id='word_1_120' title='bbox 1013 1894 1159 1986; x_wconf 83' lang='lat' dir='ltr'><strong>prosecta</strong></span> 
     </span>
     <span class='ocr_line' id='line_1_17' title="bbox 124 1998 1156 2094; baseline -0.001 -27"><span class='ocrx_word' id='word_1_121' title='bbox 124 2017 253 2078; x_wconf 87' lang='lat' dir='ltr'><strong>oratore</strong></span> <span class='ocrx_word' id='word_1_122' title='bbox 285 2000 483 2085; x_wconf 84' lang='lat' dir='ltr'><strong>iudicabam,</strong></span> <span class='ocrx_word' id='word_1_123' title='bbox 512 2025 550 2067; x_wconf 89' lang='lat' dir='ltr'><strong>ea</strong></span> <span class='ocrx_word' id='word_1_124' title='bbox 571 2023 662 2068; x_wconf 87' lang='lat' dir='ltr'><strong>nunc</strong></span> <span class='ocrx_word' id='word_1_125' title='bbox 685 1998 891 2067; x_wconf 85' lang='lat' dir='ltr'><strong>emendatius</strong></span> <span class='ocrx_word' id='word_1_126' title='bbox 913 2017 1156 2094; x_wconf 87' lang='lat' dir='ltr'><strong>proponantur.</strong></span> 
     </span>
     <span class='ocr_line' id='line_1_18' title="bbox 124 2106 243 2197; baseline 0 -27"><span class='ocrx_word' id='word_1_127' title='bbox 124 2106 243 2197; x_wconf 86' lang='lat' dir='ltr'><strong>Itaque</strong></span> 
     </span>
    </p>
   </div>
   <div class='ocr_carea' id='block_1_2' title="bbox 257 2207 1022 2301">
    <p class='ocr_par' dir='ltr' id='par_1_2' title="bbox 257 2207 1022 2301">
     <span class='ocr_line' id='line_1_19' title="bbox 257 2207 1022 2301; baseline 0.004 -26"><span class='ocrx_word' id='word_1_128' title='bbox 257 2207 317 2275; x_wconf 93' lang='lat' dir='ltr'><strong>Ol.</strong></span> <span class='ocrx_word' id='word_1_129' title='bbox 341 2207 488 2290; x_wconf 86' lang='lat' dir='ltr'>CVIII,</span> <span class='ocrx_word' id='word_1_130' title='bbox 515 2233 526 2276; x_wconf 88' lang='lat'>1</span> <span class='ocrx_word' id='word_1_131' title='bbox 554 2208 751 2277; x_wconf 85' lang='lat' dir='ltr'><strong>archonte</strong></span> <span class='ocrx_word' id='word_1_132' title='bbox 774 2208 1022 2301; x_wconf 90' lang='lat' dir='ltr'><strong>Theophilo.</strong></span> 
     </span>
    </p>
   </div>
   <div class='ocr_carea' id='block_1_3' title="bbox 82 2302 1248 4171">
    <p class='ocr_par' dir='ltr' id='par_1_3' title="bbox 87 2302 1158 2914">
     <span class='ocr_line' id='line_1_20' title="bbox 118 2302 1156 2405; baseline 0 -28"><span class='ocrx_word' id='word_1_133' title='bbox 118 2302 325 2379; x_wconf 44' lang='lat' dir='ltr'><strong>*Philocrates</strong></span> <span class='ocrx_word' id='word_1_134' title='bbox 347 2314 494 2405; x_wconf 89' lang='lat' dir='ltr'><strong>primum</strong></span> <span class='ocrx_word' id='word_1_135' title='bbox 514 2311 687 2380; x_wconf 86' lang='lat' dir='ltr'><strong>decretum</strong></span> <span class='ocrx_word' id='word_1_136' title='bbox 708 2312 773 2377; x_wconf 88' lang='lat' dir='ltr'><strong>sert</strong></span> <span class='ocrx_word' id='word_1_137' title='bbox 795 2311 836 2377; x_wconf 91' lang='lat' dir='ltr'><strong>de</strong></span> <span class='ocrx_word' id='word_1_138' title='bbox 859 2311 971 2402; x_wconf 84' lang='lat' dir='ltr'><strong>legatis</strong></span> <span class='ocrx_word' id='word_1_139' title='bbox 995 2311 1156 2393; x_wconf 88' lang='lat' dir='ltr'><strong>creandis,</strong></span> 
     </span>
     <span class='ocr_line' id='line_1_21' title="bbox 126 2407 1158 2509; baseline 0.004 -30"><span class='ocrx_word' id='word_1_140' title='bbox 126 2417 186 2508; x_wconf 89' lang='lat' dir='ltr'><strong>qui</strong></span> <span class='ocrx_word' id='word_1_141' title='bbox 198 2417 289 2507; x_wconf 89' lang='lat' dir='ltr'><strong>pacis</strong></span> <span class='ocrx_word' id='word_1_142' title='bbox 307 2407 384 2482; x_wconf 89' lang='lat' dir='ltr'><strong>cum</strong></span> <span class='ocrx_word' id='word_1_143' title='bbox 398 2414 554 2508; x_wconf 92' lang='lat' dir='ltr'><strong>Philippo</strong></span> <span class='ocrx_word' id='word_1_144' title='bbox 567 2415 816 2509; x_wconf 88' lang='lat' dir='ltr'><strong>componendae</strong></span> <span class='ocrx_word' id='word_1_145' title='bbox 831 2439 928 2480; x_wconf 90' lang='lat' dir='ltr'><strong>causa</strong></span> <span class='ocrx_word' id='word_1_146' title='bbox 949 2417 987 2480; x_wconf 85' lang='lat' dir='ltr'><strong>itt</strong></span> <span class='ocrx_word' id='word_1_147' title='bbox 1001 2414 1158 2491; x_wconf 85' lang='lat' dir='ltr'><strong>Macedo-</strong></span> 
     </span>
     <span class='ocr_line' id='line_1_22' title="bbox 123 2518 1158 2610; baseline 0.002 -25"><span class='ocrx_word' id='word_1_148' title='bbox 123 2520 215 2585; x_wconf 86' lang='lat' dir='ltr'><strong>niam</strong></span> <span class='ocrx_word' id='word_1_149' title='bbox 244 2537 335 2604; x_wconf 68' lang='lat' dir='ltr'><strong>eant,</strong></span> <span class='ocrx_word' id='word_1_150' title='bbox 363 2520 553 2607; x_wconf 80' lang='grc' dir='ltr'><strong><em>παρανόμων</em></strong></span> <span class='ocrx_word' id='word_1_151' title='bbox 581 2537 747 2586; x_wconf 87' lang='lat' dir='ltr'><strong>accusatus</strong></span> <span class='ocrx_word' id='word_1_152' title='bbox 774 2545 792 2585; x_wconf 90' lang='lat' dir='ltr'><strong>a</strong></span> <span class='ocrx_word' id='word_1_153' title='bbox 815 2518 960 2610; x_wconf 81' lang='lat' dir='ltr'><strong>Lycino,</strong></span> <span class='ocrx_word' id='word_1_154' title='bbox 989 2542 1008 2583; x_wconf 94' lang='lat' dir='ltr'><strong>a</strong></span> <span class='ocrx_word' id='word_1_155' title='bbox 1031 2519 1158 2587; x_wconf 90' lang='lat' dir='ltr'><strong>Demo-</strong></span> 
     </span>
     <span class='ocr_line' id='line_1_23' title="bbox 87 2620 1157 2716; baseline -0.002 -28"><span class='ocrx_word' id='word_1_156' title='bbox 87 2635 92 2640; x_wconf 81' lang='grc'><strong><em>’</em></strong></span> <span class='ocrx_word' id='word_1_157' title='bbox 125 2623 240 2689; x_wconf 90' lang='lat' dir='ltr'><strong>sthene</strong></span> <span class='ocrx_word' id='word_1_158' title='bbox 272 2622 477 2714; x_wconf 85' lang='lat' dir='ltr'><strong>defenditur,</strong></span> <span class='ocrx_word' id='word_1_159' title='bbox 496 2623 703 2716; x_wconf 67' lang='lat' dir='ltr'><strong>⁴iudicioque</strong></span> <span class='ocrx_word' id='word_1_160' title='bbox 731 2621 919 2690; x_wconf 85' lang='lat' dir='ltr'><strong>absolvitur.</strong></span> <span class='ocrx_word' id='word_1_161' title='bbox 968 2620 1087 2689; x_wconf 88' lang='lat' dir='ltr'><strong>Aesch.</strong></span> <span class='ocrx_word' id='word_1_162' title='bbox 1120 2621 1157 2686; x_wconf 90' lang='lat' dir='ltr'><strong>in</strong></span> 
     </span>
     <span class='ocr_line' id='line_1_24' title="bbox 126 2725 984 2815; baseline -0.001 -23"><span class='ocrx_word' id='word_1_163' title='bbox 126 2725 214 2794; x_wconf 89' lang='lat' dir='ltr'><strong>Ctes.</strong></span> <span class='ocrx_word' id='word_1_164' title='bbox 235 2727 277 2794; x_wconf 83' lang='lat'><strong>62</strong></span> <span class='ocrx_word' id='word_1_165' title='bbox 301 2727 388 2794; x_wconf 93' lang='lat' dir='ltr'><strong>med.</strong></span> <span class='ocrx_word' id='word_1_166' title='bbox 770 2771 772 2777; x_wconf 27' lang='grc' dir='ltr'><strong>ε</strong></span> <span class='ocrx_word' id='word_1_167' title='bbox 982 2811 984 2815; x_wconf 9' lang='lat' dir='ltr'>y</span> 
     </span>
     <span class='ocr_line' id='line_1_25' title="bbox 226 2830 1051 2914; baseline 0 -17"><span class='ocrx_word' id='word_1_168' title='bbox 226 2830 288 2897; x_wconf 88' lang='lat' dir='ltr'><strong>Ol.</strong></span> <span class='ocrx_word' id='word_1_169' title='bbox 313 2833 463 2914; x_wconf 86' lang='lat' dir='ltr'>CVIII,</span> <span class='ocrx_word' id='word_1_170' title='bbox 487 2857 523 2914; x_wconf 85' lang='lat' dir='ltr'><strong>a,</strong></span> <span class='ocrx_word' id='word_1_171' title='bbox 546 2832 742 2900; x_wconf 86' lang='lat' dir='ltr'><strong>archonte</strong></span> <span class='ocrx_word' id='word_1_172' title='bbox 765 2831 1051 2902; x_wconf 83' lang='lat' dir='ltr'><strong>Themistocle</strong></span> 
     </span>
    </p>

    <p class='ocr_par' dir='ltr' id='par_1_4' title="bbox 82 2933 1248 4171">
     <span class='ocr_line' id='line_1_26' title="bbox 124 2933 1156 3027; baseline 0.002 -28"><span class='ocrx_word' id='word_1_173' title='bbox 124 2935 363 3003; x_wconf 82' lang='lat' dir='ltr'><strong>Demosthenes</strong></span> <span class='ocrx_word' id='word_1_174' title='bbox 389 2941 588 3006; x_wconf 86' lang='lat' dir='ltr'><strong>senatoriam</strong></span> <span class='ocrx_word' id='word_1_175' title='bbox 616 2937 810 3027; x_wconf 84' lang='lat' dir='ltr'><strong>dignitatem</strong></span> <span class='ocrx_word' id='word_1_176' title='bbox 838 2938 984 3003; x_wconf 87' lang='lat' dir='ltr'><strong>sortitur.</strong></span> <span class='ocrx_word' id='word_1_177' title='bbox 1037 2933 1156 3001; x_wconf 86' lang='lat' dir='ltr'><strong>Aesch.</strong></span> 
     </span>
     <span class='ocr_line' id='line_1_27' title="bbox 124 3030 1158 3133; baseline -0.001 -30"><span class='ocrx_word' id='word_1_178' title='bbox 124 3037 148 3103; x_wconf 88' lang='lat' dir='ltr'><strong>l.</strong></span> <span class='ocrx_word' id='word_1_179' title='bbox 172 3062 200 3104; x_wconf 93' lang='lat' dir='ltr'><strong>c.</strong></span> <span class='ocrx_word' id='word_1_180' title='bbox 222 3030 454 3106; x_wconf 81' lang='lat' dir='ltr'><strong>Athenienses¹</strong></span> <span class='ocrx_word' id='word_1_181' title='bbox 472 3040 514 3106; x_wconf 91' lang='lat' dir='ltr'><strong>de</strong></span> <span class='ocrx_word' id='word_1_182' title='bbox 543 3065 626 3133; x_wconf 86' lang='lat' dir='ltr'><strong>pace</strong></span> <span class='ocrx_word' id='word_1_183' title='bbox 648 3066 724 3107; x_wconf 89' lang='lat' dir='ltr'><strong>cum</strong></span> <span class='ocrx_word' id='word_1_184' title='bbox 750 3039 909 3132; x_wconf 90' lang='lat' dir='ltr'><strong>Philippo</strong></span> <span class='ocrx_word' id='word_1_185' title='bbox 932 3033 1078 3104; x_wconf 89' lang='lat' dir='ltr'><strong>incunda</strong></span> <span class='ocrx_word' id='word_1_186' title='bbox 1099 3035 1158 3102; x_wconf 86' lang='lat' dir='ltr'><strong>de-</strong></span> 
     </span>
     <span class='ocr_line' id='line_1_28' title="bbox 123 3141 1248 3237; baseline -0.001 -31"><span class='ocrx_word' id='word_1_187' title='bbox 123 3165 192 3208; x_wconf 91' lang='lat' dir='ltr'><strong>nuo</strong></span> <span class='ocrx_word' id='word_1_188' title='bbox 227 3141 429 3210; x_wconf 82' lang='lat' dir='ltr'><strong>deliberant</strong></span> <span class='ocrx_word' id='word_1_189' title='bbox 449 3159 598 3237; x_wconf 79' lang='lat' dir='ltr'><strong>tempore</strong></span> <span class='ocrx_word' id='word_1_190' title='bbox 620 3152 693 3211; x_wconf 82' lang='grc' dir='ltr'><strong><em>’τῶν</em></strong></span> <span class='ocrx_word' id='word_1_191' title='bbox 720 3146 863 3210; x_wconf 79' lang='grc' dir='ltr'><strong><em>σπονδῶν</em></strong></span> <span class='ocrx_word' id='word_1_192' title='bbox 889 3143 1155 3229; x_wconf 82' lang='grc' dir='ltr'><strong><em>μυστηριωτίδων,</em></strong></span> <span class='ocrx_word' id='word_1_193' title='bbox 1245 3206 1248 3215; x_wconf 83' lang='grc'><em>,</em></span> 
     </span>
     <span class='ocr_line' id='line_1_29' title="bbox 123 3243 1187 3338; baseline -0.001 -28"><span class='ocrx_word' id='word_1_194' title='bbox 123 3244 239 3312; x_wconf 83' lang='lat' dir='ltr'><strong>mense</strong></span> <span class='ocrx_word' id='word_1_195' title='bbox 260 3247 362 3338; x_wconf 85' lang='lat' dir='ltr'><strong>igitur</strong></span> <span class='ocrx_word' id='word_1_196' title='bbox 384 3245 780 3328; x_wconf 88' lang='lat' dir='ltr'><strong>circiterBoedromione,</strong></span> <span class='ocrx_word' id='word_1_197' title='bbox 805 3269 871 3337; x_wconf 91' lang='lat' dir='ltr'><strong>quo</strong></span> <span class='ocrx_word' id='word_1_198' title='bbox 894 3243 1156 3311; x_wconf 71' lang='lat' dir='ltr'><strong>acta&#39;csseltleu-</strong></span> <span class='ocrx_word' id='word_1_199' title='bbox 1185 3334 1187 3338; x_wconf 10' lang='lat' dir='ltr'>y</span> 
     </span>
     <span class='ocr_line' id='line_1_30' title="bbox 124 3350 1155 3444; baseline -0.001 -28"><span class='ocrx_word' id='word_1_200' title='bbox 124 3350 218 3431; x_wconf 86' lang='lat' dir='ltr'><strong>sinia,</strong></span> <span class='ocrx_word' id='word_1_201' title='bbox 233 3374 291 3416; x_wconf 91' lang='lat' dir='ltr'><strong>seu</strong></span> <span class='ocrx_word' id='word_1_202' title='bbox 303 3376 423 3444; x_wconf 85' lang='lat' dir='ltr'><strong>magna</strong></span> <span class='ocrx_word' id='word_1_203' title='bbox 436 3354 591 3444; x_wconf 84' lang='lat' dir='ltr'><strong>mysteria</strong></span> <span class='ocrx_word' id='word_1_204' title='bbox 608 3367 742 3418; x_wconf 88' lang='lat' dir='ltr'><strong>constat.</strong></span> <span class='ocrx_word' id='word_1_205' title='bbox 786 3350 906 3416; x_wconf 89' lang='lat' dir='ltr'><strong>Aesch.</strong></span> <span class='ocrx_word' id='word_1_206' title='bbox 921 3377 954 3417; x_wconf 85' lang='grc' dir='ltr'><strong>π.</strong></span> <span class='ocrx_word' id='word_1_207' title='bbox 965 3375 1104 3438; x_wconf 79' lang='grc' dir='ltr'><strong><em>παραπρ.</em></strong></span> <span class='ocrx_word' id='word_1_208' title='bbox 1120 3373 1155 3442; x_wconf 87' lang='lat' dir='ltr'><strong>p.</strong></span> 
     </span>
     <span class='ocr_line' id='line_1_31' title="bbox 124 3451 1156 3538; baseline -0.002 -18"><span class='ocrx_word' id='word_1_209' title='bbox 124 3451 166 3538; x_wconf 68' lang='grc'><strong>45</strong></span> <span class='ocrx_word' id='word_1_210' title='bbox 210 3472 287 3520; x_wconf 83' lang='lat' dir='ltr'><strong>extr.</strong></span> <span class='ocrx_word' id='word_1_211' title='bbox 338 3455 493 3522; x_wconf 90' lang='lat' dir='ltr'><strong>Alterum</strong></span> <span class='ocrx_word' id='word_1_212' title='bbox 533 3455 725 3522; x_wconf 84' lang='lat' dir='ltr'><strong>Philocratis</strong></span> <span class='ocrx_word' id='word_1_213' title='bbox 764 3453 935 3521; x_wconf 86' lang='lat' dir='ltr'><strong>decretum</strong></span> <span class='ocrx_word' id='word_1_214' title='bbox 966 3454 1076 3532; x_wconf 71' lang='lat' dir='ltr'><strong>¹vincit</strong></span> <span class='ocrx_word' id='word_1_215' title='bbox 1113 3451 1156 3518; x_wconf 89' lang='lat' dir='ltr'><strong>de</strong></span> 
     </span>
     <span class='ocr_line' id='line_1_32' title="bbox 125 3555 1156 3651; baseline -0.001 -29"><span class='ocrx_word' id='word_1_216' title='bbox 125 3557 276 3623; x_wconf 88' lang='lat' dir='ltr'><strong>creandis</strong></span> <span class='ocrx_word' id='word_1_217' title='bbox 309 3555 435 3650; x_wconf 87' lang='lat' dir='ltr'><strong>legatis.</strong></span> <span class='ocrx_word' id='word_1_218' title='bbox 453 3559 568 3626; x_wconf 91' lang='lat' dir='ltr'><strong>decem</strong></span> <span class='ocrx_word' id='word_1_219' title='bbox 602 3560 787 3646; x_wconf 85' lang='lat' dir='ltr'><strong>invitatoris</strong></span> <span class='ocrx_word' id='word_1_220' title='bbox 816 3556 1025 3651; x_wconf 90' lang='lat' dir='ltr'><strong>Philippum,</strong></span> <span class='ocrx_word' id='word_1_221' title='bbox 1059 3573 1097 3621; x_wconf 90' lang='lat' dir='ltr'><strong>ut</strong></span> <span class='ocrx_word' id='word_1_222' title='bbox 1126 3556 1156 3622; x_wconf 90' lang='lat' dir='ltr'><strong>si</strong></span> 
     </span>
     <span class='ocr_line' id='line_1_33' title="bbox 82 3659 1155 3755; baseline -0.002 -29"><span class='ocrx_word' id='word_1_223' title='bbox 82 3705 86 3712; x_wconf 86' lang='lat'><strong>·</strong></span> <span class='ocrx_word' id='word_1_224' title='bbox 124 3663 307 3753; x_wconf 86' lang='lat' dir='ltr'><strong>transigere</strong></span> <span class='ocrx_word' id='word_1_225' title='bbox 335 3686 413 3755; x_wconf 84' lang='lat' dir='ltr'><strong>cum</strong></span> <span class='ocrx_word' id='word_1_226' title='bbox 440 3663 705 3730; x_wconf 83' lang='lat' dir='ltr'><strong>Atheniensibus</strong></span> <span class='ocrx_word' id='word_1_227' title='bbox 726 3661 820 3743; x_wconf 91' lang='lat' dir='ltr'><strong>velit,</strong></span> <span class='ocrx_word' id='word_1_228' title='bbox 855 3661 979 3755; x_wconf 85' lang='lat' dir='ltr'><strong>legatos</strong></span> <span class='ocrx_word' id='word_1_229' title='bbox 1007 3659 1155 3727; x_wconf 84' lang='lat' dir='ltr'><strong>Athenas</strong></span> 
     </span>
     <span class='ocr_line' id='line_1_34' title="bbox 123 3755 1155 3861; baseline 0.003 -29"><span class='ocrx_word' id='word_1_230' title='bbox 123 3765 249 3849; x_wconf 82' lang='lat' dir='ltr'><strong>mittat,</strong></span> <span class='ocrx_word' id='word_1_231' title='bbox 282 3764 324 3831; x_wconf 90' lang='lat' dir='ltr'><strong>de</strong></span> <span class='ocrx_word' id='word_1_232' title='bbox 345 3790 429 3861; x_wconf 88' lang='lat' dir='ltr'><strong>pace</strong></span> <span class='ocrx_word' id='word_1_233' title='bbox 458 3785 595 3835; x_wconf 85' lang='lat' dir='ltr'><strong>acturos.</strong></span> <span class='ocrx_word' id='word_1_234' title='bbox 640 3766 758 3854; x_wconf 89' lang='lat' dir='ltr'><strong>Aesch.</strong></span> <span class='ocrx_word' id='word_1_235' title='bbox 781 3768 819 3834; x_wconf 89' lang='lat' dir='ltr'><strong>in</strong></span> <span class='ocrx_word' id='word_1_236' title='bbox 842 3765 928 3834; x_wconf 87' lang='lat' dir='ltr'><strong>Ctes.</strong></span> <span class='ocrx_word' id='word_1_237' title='bbox 950 3793 985 3858; x_wconf 92' lang='lat' dir='ltr'><strong>p.</strong></span> <span class='ocrx_word' id='word_1_238' title='bbox 1007 3764 1049 3832; x_wconf 83' lang='lat'><strong>62</strong></span> <span class='ocrx_word' id='word_1_239' title='bbox 1074 3755 1155 3835; x_wconf 66' lang='lat' dir='ltr'><strong>eitt-</strong></span> 
     </span>
     <span class='ocr_line' id='line_1_35' title="bbox 123 3867 1155 3963; baseline -0.006 -26"><span class='ocrx_word' id='word_1_240' title='bbox 123 3869 237 3959; x_wconf 86' lang='lat' dir='ltr'><strong>Legati</strong></span> <span class='ocrx_word' id='word_1_241' title='bbox 250 3885 340 3935; x_wconf 87' lang='lat' dir='ltr'><strong>sunt:</strong></span> <span class='ocrx_word' id='word_1_242' title='bbox 364 3869 559 3963; x_wconf 90' lang='lat' dir='ltr'><strong>Ctesiphon,</strong></span> <span class='ocrx_word' id='word_1_243' title='bbox 575 3867 813 3952; x_wconf 88' lang='lat' dir='ltr'><strong>Aristodemus,</strong></span> <span class='ocrx_word' id='word_1_244' title='bbox 836 3868 1000 3952; x_wconf 88' lang='lat' dir='ltr'><strong>Iatrocles,</strong></span> <span class='ocrx_word' id='word_1_245' title='bbox 1023 3867 1155 3945; x_wconf 91' lang='lat' dir='ltr'><strong>Cimon,</strong></span> 
     </span>
     <span class='ocr_line' id='line_1_36' title="bbox 122 3969 1155 4069; baseline -0.002 -31"><span class='ocrx_word' id='word_1_246' title='bbox 122 3971 306 4054; x_wconf 87' lang='lat' dir='ltr'><strong>Nausicles,</strong></span> <span class='ocrx_word' id='word_1_247' title='bbox 332 3973 697 4069; x_wconf 78' lang='lat' dir='ltr'><strong>·De1·cylus,&#39;Phryno,</strong></span> <span class='ocrx_word' id='word_1_248' title='bbox 720 3974 939 4056; x_wconf 87' lang='lat' dir='ltr'><strong>Philocrates,</strong></span> <span class='ocrx_word' id='word_1_249' title='bbox 961 3969 1155 4056; x_wconf 85' lang='lat' dir='ltr'><strong>Aeschines,</strong></span> 
     </span>
     <span class='ocr_line' id='line_1_37' title="bbox 124 4075 1156 4171; baseline -0.003 -29"><span class='ocrx_word' id='word_1_250' title='bbox 124 4075 375 4144; x_wconf 89' lang='lat' dir='ltr'><strong>Demosthenes.</strong></span> <span class='ocrx_word' id='word_1_251' title='bbox 419 4078 461 4145; x_wconf 93' lang='lat' dir='ltr'><strong>V.</strong></span> <span class='ocrx_word' id='word_1_252' title='bbox 491 4096 607 4171; x_wconf 82' lang='lat' dir='ltr'><strong>argmt.</strong></span> <span class='ocrx_word' id='word_1_253' title='bbox 639 4103 664 4146; x_wconf 84' lang='lat'><strong>2·</strong></span> <span class='ocrx_word' id='word_1_254' title='bbox 690 4078 733 4147; x_wconf 88' lang='lat' dir='ltr'><strong>ad</strong></span> <span class='ocrx_word' id='word_1_255' title='bbox 754 4080 851 4146; x_wconf 90' lang='lat' dir='ltr'><strong>Dem.</strong></span> <span class='ocrx_word' id='word_1_256' title='bbox 879 4100 928 4145; x_wconf 93' lang='lat' dir='ltr'><strong>or.</strong></span> <span class='ocrx_word' id='word_1_257' title='bbox 954 4102 987 4144; x_wconf 81' lang='grc' dir='ltr'><strong>π.</strong></span> <span class='ocrx_word' id='word_1_258' title='bbox 1015 4098 1156 4163; x_wconf 66' lang='lat' dir='ltr'><strong>maun.</strong></span> 
     </span>
    </p>
   </div>
   <div class='ocr_carea' id='block_1_4' title="bbox 0 0 1302 4672">
    <p class='ocr_par' dir='ltr' id='par_1_5' title="bbox 0 0 1302 4672">
     <span class='ocr_line' id='line_1_38' title="bbox 0 0 1302 4672; baseline 0 0"><span class='ocrx_word' id='word_1_259' title='bbox 0 0 1302 4672; x_wconf 95' lang='lat' dir='ltr'><strong> </strong></span> 
     </span>
    </p>
   </div>
  </div>
 </body>
</html>
