2594 4672
194 405 266 498 illis⁴
285 426 392 521 iuncti
413 443 523 522 crant,
553 427 756 510 Phocenses,
780 450 886 519 quum
906 448 977 493 sese
999 426 1148 518 impares
1166 447 1241 496 esse

194 534 370 613 sentirent,
397 529 518 609 auxilia
546 530 746 625 Philippum
773 547 940 622 rogarunt.
992 530 1066 613 Qui
1087 530 1243 622 primum

193 639 307 717 vietor,
329 657 407 702 mox
429 635 470 701 ah
494 634 726 716 Onomarcho,
758 635 980 704 Phocensium
1008 650 1082 700 tum
1110 651 1243 730 tempo·

66 811 70 819 ,
168 800 171 806 .
193 743 239 810 ris
262 740 358 822 duce,
380 740 509 832 magnis
527 763 604 805 eum
624 740 728 832 copiis
743 739 959 832 Lycophroni
972 739 1063 807 socio
1077 736 1243 808 auxilium
1267 734 1271 738 ⁵

195 847 335 926 serente,
357 845 395 910 in
416 868 585 910 summum
608 841 788 911 discrimen
810 842 971 910 adductus
998 840 1242 935 Thessaliaque

195 948 359 1024 decedere
389 966 520 1015 coaetus
544 964 601 1015 est.
645 946 714 1014 Sed
743 970 822 1014 mox
841 948 963 1016 maiori
994 971 1073 1014 cum
1095 947 1241 1015 exercitu

195 1055 233 1120 in
261 1050 466 1120 Thessaliam
493 1076 642 1119 reversus
669 1053 855 1142 provocatis
885 1052 1044 1120 continuo
1078 1044 1238 1137 adarma

195 1158 353 1224 omnibus
375 1155 541 1222 Thessalis
564 1157 766 1222 acerrimum
795 1180 874 1222 cum
897 1154 1238 1248 Onomarchofqroe-

193 1259 279 1327 lium
301 1261 483 1341 commisit,
510 1262 548 1326 in
572 1283 639 1352 quo
663 1277 730 1326 tam
759 1261 926 1352 egregiam
947 1258 990 1325 de
1012 1258 1243 1327 Phocensibus'

194 1367 367 1433 victoriam
389 1363 586 1456 deportavit,
608 1381 646 1430 ut
668 1363 787 1431 ducem
809 1365 923 1457 ipsum
944 1367 1080 1455 captum
1101 1362 1243 1457 suspen-

195 1467 252 1536 dio
275 1469 428 1534 afficeret.
473 1468 573 1535 Diod.
597 1463 632 1533 S'.
657 1469 756 1549 XVI,
780 1469 833 1537 35.
864 1468 953 1560 'Qua
973 1467 1114 1535 victoria
1134 1465 1239 1535 elatus

105 1581 109 1589 '
194 1597 299 1665 quum
320 1572 498 1640 transferre
518 1569 650 1638 bellum
670 1572 707 1636 in
729 1573 837 1664 ipsam
859 1569 1044 1638 Phocidem
1065 1568 1181 1652 vellet,
1203 1587 1240 1638 et

194 1677 303 1768 Pylas,
325 1701 389 1769 per
411 1701 492 1768 quas
514 1675 599 1743 solas
623 1673 909 1768 aseptentrionali
923 1692 1017 1767 parte
1031 1673 1121 1741 adiri
1130 1673 1242 1763 ¹(irue-

156 1771 160 1778 ¹
194 1783 244 1848 cia
258 1799 397 1873 poterat,
420 1782 574 1845 traiicere
595 1797 791 1860 conaretur,
806 1780 846 1844 ab
864 1778 1139 1863 Atheniensibus,
1159 1802 1242 1847 con·

193 1884 307 1951 festim
328 1882 450 1951 auxilio
474 1882 712 1967 advolantibus,
736 1885 914 1976 quominus
948 1908 1035 1977 quae
1057 1885 1242 1955 coustitue-

194 2006 247 2055 rat
269 2006 512 2080 exsequeretur,
534 1985 714 2078 impeditus
737 2004 794 2054 est.
839 1989 1048 2056 Postremum
1060 1987 1099 2055 id
1116 1986 1242 2058 lactum

116 2138 122 2150 .
195 2113 264 2157 esse
287 2089 427 2158 Diodor.
451 2091 559 2180 (XVI,
582 2093 774 2181 38)nar1·at
797 2094 853 2159 Ol.
878 2092 993 2176 CVlI,
1020 2073 1057 2176 1,¹
1079 2093 1240 2162 archonte
1289 2165 1292 2170 ,

194 2193 416 2262 Aristodemo.
462 2198 575 2288 Longe
592 2194 769 2263 diversam
806 2181 980 2290 temporis
1002 2213 1118 2265 notam
1147 2194 1241 2264 affert

195 2299 351 2390 Dionysii
374 2296 446 2365 Hal.
468 2298 525 2390 (de
553 2301 725 2368 Dinarcho
753 2325 806 2369 nr.
833 2302 886 2391 13)
917 2299 1021 2387 locus,
1051 2303 1113 2395 qui
1141 2299 1240 2395 vulgo

122 2453 133 2461 ·-
193 2405 242 2472 aie
265 2403 404 2497 legitur:
432 2405 529 2495 γιρὸς
558 2404 750 2489 Βοιωτόν,
780 2403 858 2494 ὑπὲρ
880 2411 937 2472 τοῦ
959 2405 1126 2491 ὀνόματος.
1148 2406 1240 2473 -el

29 2525 34 2538 ‘
96 2507 97 2510 ¹
193 2511 244 2576 καὶ
265 2507 309 2594 μὴ
333 2519 399 2585 τοῖς
420 2508 539 2585 ἄλλοις
557 2510 586 2575 οἱ
614 2510 846 2594 Δημοσθένους
874 2507 1100 2600 ἀφαιρούμενοι
1128 2514 1237 2579 tritor
1262 2542 1264 2548 ·

193 2612 266 2696 τόν,
288 2610 467 2697 λόγονκαὶ
500 2612 664 2700 Δεινάρχῳ
700 2612 929 2701 προςόιιταντες
966 2613 1158 2701 ἐλέγχοιντο,
1187 2617 1236 2703 τῷ

189 2715 295 2803 χρόνῳ
317 2708 399 2798 γὀόν
427 2717 687 2797 ἓαιδειχθεῖενᾶν
708 2716 904 2801 ψευδόμενοι.
926 2720 1080 2805 μέμνηται
1101 2719 1165 2807 γὰρ
1184 2712 1236 2794 ὥς

193 2819 331 2881 νεωστὶ
362 2823 430 2900 τῆς
456 2821 509 2893 εἷς
538 2818 671 2895 Πόλας
700 2819 834 2897 ἐξόδου
873 2823 1138 2908 γεγενημένης·
1167 2816 1235 2906 ἧδ’

81 2974 86 2980 .
195 2918 393 2998 εῗςΠόλας
409 2920 627 3004 Ἀθηναίων
648 2923 781 3000 ἔξοδος
797 2927 857 2990 ἐπὶ
873 2924 1076 3012 Θααμήδοα
1099 2925 1235 3014 ἄρχον-

192 3026 434 3108 τοςξγένετο.
453 3061 494 3075 —-
510 3023 579 3090 Sed
592 3050 706 3106 vocem
718 3027 830 3105 Πύλας
846 3028 1060 3122 depravatam
1071 3053 1143 3105 esse
1155 3046 1235 3099 etex

194 3128 385 3193 coniectura
418 3127 617 3219 negligentis
654 3129 784 3196 librarii
824 3134 860 3197 in
896 3151 1024 3223 textum
1063 3133 1236 3227 irrepsisse

191 3254 262 3322 pro
284 3256 360 3298 vera
395 3230 537 3299 lectione
567 3234 733 3318 Ταμύνας,
771 3236 874 3327 quam
908 3238 1043 3305 exhibet
1077 3261 1127 3306 or.
1148 3232 1235 3306 adv.

56 3316 58 3323 ’
141 3396 143 3400 Α
192 3333 305 3400 Boeot.
327 3360 362 3427 p.
384 3358 466 3425 999,
491 3334 546 3401 alii
568 3337 636 3402 iam
656 3346 869 3407 monuerunt.
914 3341 956 3410 V.
981 3342 1117 3411 Considi
1139 3341 1235 3411 ER.

191 3435 268 3503 diss.
293 3438 351 3503 lll.
375 3463 404 3504 c.
432 3463 480 3529 19,
503 3429 773 3519 Boethoecon.
798 3445 857 3510 civ.
872 3445 952 3512 Ath.
968 3444 1045 3514 Vol.
1070 3447 1104 3513 ΙΙ
1124 3470 1162 3540 p.
1184 3444 1236 3526 61,

160 3572 163 3581 ’
191 3559 259 3609 not.
289 3541 358 3631 194.
381 3581 424 3596 -
448 3544 573 3610 Contra
595 3545 631 3610 in
652 3545 886 3616 Demosthenis
908 3550 1114 3619 orationibus
1137 3572 1238 3646 expe-

192 3645 327 3714 ditionis
348 3646 449 3712 huius
472 3649 581 3739 prima
602 3653 729 3717 mentio
753 3653 923 3719 iuvenitur
952 3657 991 3721 in
1013 3678 1061 3742 or,
1086 3670 1120 3723 e.
1151 3650 1235 3722 Phil.

191 3750 218 3830 l,
246 3775 280 3842 p.
311 3749 372 3836 44,
405 3751 457 3817 his
488 3752 597 3819 verbis
627 3753 726 3820 facta:
757 3759 808 3822 δεῖ
830 3757 892 3842 γὰρ
927 3760 1030 3850 ἐκείνῳ
1054 3754 1235 3849 [Φιλίππῳ]

188 3860 281 3919 τοῦτο
304 3858 336 3920 ἐν
357 3849 396 3941 τῆ
417 3853 524 3955 γνώμη
545 3865 753 3944 παραστῆναι,
778 3857 823 3936 ὥς
843 3857 932 3945 όμεῖς
959 3865 995 3933 ἐκ,
1012 3870 1070 3949 τῆς
1092 3862 1238 3946 ἀμελείας
1256 3872 1261 3880 ’

166 3957 304 4044 ,ταύτης
326 3965 382 4044 τῆς
403 3958 482 4044 ἄγαν
488 4010 499 4040 ,
535 3959 635 4049 ὥςπερ
664 3966 707 4038 εἰς
734 3964 873 4044 Εὔβοιαν
901 3968 951 4032 καὶ
979 3964 1241 4053 ιιρότερόννιοτὲ

114 4157 118 4173 ¹
189 4082 286 4146 φασιν
307 4065 350 4140 εἷς
367 4059 530 4151 Ἁλίαρτον
550 4066 600 4130 καὶ
617 4065 667 4131 'eo
691 4073 897 4137 τελευταῖα
919 4069 1239 4163 appius-elersti-
