2594 4672
563 252 716 376 „aa

124 443 291 515 niensium
319 464 388 510 non
415 441 777 526 nata'Atheniensem,
807 441 874 510 sed>
894 442 1024 511 Oritam
1056 440 1157 510 illuid

125 570 195 614 esse
223 547 379 615 orationis
401 546 651 628 Aristocrateae',
679 549 752 631 iure
775 546 995 615 contenderis.
1043 547 1157 637 Atque

123 651 272 744 profecto
295 649 384 718 illius
405 650 505 718 factio
527 652 691 717 inmante
715 649 771 717 Ol.
796 650 903 731 CVII,
930 674 956 733 1,
971 670 1045 741 'quo
1069 670 1156 717 anno
1212 732 1214 738 y

122 755 356 822 Demosthenis
390 755 428 821 in
451 757 687 822 Aristocratem
720 756 826 822 oratio
856 760 1088 844 perorabatur,
1120 751 1158 820 id
1254 808 1260 827 ,

122 860 188 923 iam
211 859 339 951 agebat,
368 876 408 926 ut
433 882 538 950 quum
566 860 715 951 primum
736 859 867 925 vicisset
888 856 1060 924 decretum
1080 858 1158 923 Ari-

123 964 284 1044 stocratis,
307 960 367 1028 ille
390 987 408 1026 a
428 960 555 1053 populo
578 958 646 1027 dux
673 962 826 1028 adversus
849 960 1046 1053 Philippum
1069 986 1158 1028 crea-

125 1081 235 1146 retur,
251 1057 303 1131 ‘ut
330 1064 391 1155 qui
425 1061 511 1135 solus
548 1081 659 1156 posset
693 1056 925 1157 Amphipolim
959 1087 1158 1156 recuperare

125 1168 237 1250 (Dent.
265 1169 303 1232 in
331 1159 490 1231 Aristocr.
519 1190 553 1257 p.
587 1167 676 1257 625>
729 1168 815 1233 Eum
854 1169 957 1258 igitur
989 1169 1159 1236 ‘coniicer'e

125 1272 233 1363 possis
265 1269 317 1336 vel
340 1272 413 1360 ipsa
435 1269 763 1338 causaAristocratea
784 1269 962 1356 adductum
978 1271 1034 1337 Ol.
1052 1272 1158 1347 CVll,

131 1399 143 1438 r
171 1373 316 1439 Athenas
338 1373 475 1452 venisse,
497 1390 532 1440 et
550 1373 676 1467 perlato
700 1393 771 1443 tum
798 1375 1004 1443 Aristocratis
1027 1374 1159 1442 decreto

128 1478 362 1569 imperatorem
396 1475 548 1544 adversus
576 1476 778 1570 Philippum
800 1485 961 1560 creatum,
977 1477 1071 1544 »inde
1101 1478 1158 1543 Ol.

129 1580 241 1661 CVII,
264 1604 284 1648 a
306 1568 548 1649 Boedromione
573 1583 720 1669 ‚Athenis
747 1584 785 1649 in
807 1582 1050 1650 Chersonesum
1074 1583 1160 1648 ‘mia‘-

127 1709 202 1751 sum
235 1708 314 1752 esse.
363 1687 407 1753 Et
433 1687 623 1754 coniectura¹
652 1687 733 1754 haec
764 1688 869 1780 possit
897 1710 935 1753 eo
964 1686 1061 1751 etiam
1081 1693 1161 1776 pro*

126 1787 272 1858 habilior
304 1789 395 1870 lieri,
429 1788 522 1883 quod
551 1813 590 1856 eo
630 1791 703 1882 ipso
734 1808 899 1884 tempore,
927 1792 992 1856 hoc
1010 1807 1070 1856 est
1103 1789 1161 1859 Ol.

128 1892 223 1960 CVII
229 1918 248 1975 ,⁴
275 1918 309 1975 1,
337 1892 514 1991 Philippus
536 1895 574 1960 in
597 1894 776 1962 Thraciam
798 1894 1050 1986 impressionem
1072 1893 1161 1973 lecit,

126 2013 164 2062 ut
194 2015 377 2080 certamen,
409 1996 501 2089 quod
527 1996 569 2065 de
595 1999 757 2072 Thraciae
789 1999 932 2092 imperio
959 2001 1047 2065 inter
1078 1997 1160 2079 Cer·

127 2101 313 2193 sohleptem
335 2120 368 2168 et
388 2101 536 2193 reliquos
559 2102 721 2169 Thraciae
748 2103 1036 2195 reges'hucusque
1057 2104 1163 2169 inter-

128 2221 209 2286 erat,
232 2204 300 2271 suo¹
315 2230 351 2270 ex
374 2205 510 2270 arbitrio
534 2223 749 2297 componeret
780 2207 890 2288 (Dem.
915 2205 1054 2297 Olynth.
1077 2207 1102 2271 1:
1125 2230 1162 2297 pa
1215 2283 1223 2291 ι

134 2309 206 2392 13),
243 2306 343 2373 simul
366 2310 454 2374 'vero
490 2309 590 2374 etiam
629 2307 846 2374 Athenienses
884 2309 919 2373 in
956 2310 1161 2376 Chersoneso
1244 2360 1246 2375 .

130 2410 377 2501 aggrederetur.
412 2411 466 2478 V.
498 2428 568 2478 not.
599 2435 671 2503 sup.
719 2411 848 2504 Nempe
881 2414 984 2505 Cotye
1015 2430 1161 2500 mortua,

130 2512 198 2602 Ol.¹
212 2514 283 2595 CV,
306 2539 336 2596 a,
361 2514 606 2608 Cersohleptae,
630 2539 731 2608 quem
753 2515 813 2581 ille
833 2515 995 2589 infantem
1015 2514 1162 2608 relique·
1271 2540 1274 2550 ·

129 2635 192 2699 rat,
214 2619 249 2684 iu
273 2619 455 2686 obtinendo
477 2617 580 2711 patris
602 2621 745 2712 imperio
775 2617 840 2688 duo
869 2619 989 2688 aemuli
1012 2619 1162 2687 adversa-

130 2723 269 2803 bantur,
312 2721 485 2790 Borisades
521 2740 553 2788 et
588 2721 785 2793 Amadocus.
837 2725 928 2808 Quos
964 2741 1002 2791 ut
1036 2722 1163 2792 facilius

133 2824 334 2908 debellaret,
364 2826 581 2894 Charidemus
617 2827 729 2912 Orita,
762 2829 994 2922 Cersohleptae
1024 2845 1112 2896 tutor
1145 2854 1165 2894 a

130 2946 226 3022 patre
250 2932 456 3016 constitutus,
477 2933 895 2999 Atheniensium'maxime
917 2949 950 2999 et
971 2931 1021 2998 illi
1044 2950 1077 2998 et
1097 2934 1163 2999 sibi

132 3033 310 3099 amicitiam
344 3037 523 3103 conciliare
561 3038 753 3108 conahatur.
794 3058 933 3126 eamque
962 3034 1162 3114 conciliavit,

133 3160 237 3229 quum
260 3139 307 3202 eis
329 3157 424 3230 pacto
448 3139 692 3207 Chersonesum
721 3155 935 3205 concesserat.
981 3139 1054 3220 Quo
1077 3138 1162 3206 facto
1240 3199 1241 3202 ,

131 3241 256 3307 utiam
279 3243 380 3307 tutius
403 3245 593 3339 opprimere
620 3240 836 3323 adversarios,
857 3240 1162 3335 Cersohleptaeque
1235 3310 1236 3313 ,

131 3345 322 3411 universum
344 3346 508 3414 Thraciae
529 3347 708 3438 imperium
738 3367 929 3438 comparare
956 3364 1083 3438 posset,
1117 3346 1166 3412 sa-

133 3449 209 3529 ctio,
233 3473 334 3540 quam
356 3449 539 3519 commodis
571 3451 638 3516 suis
664 3473 864 3542 propensam
891 3450 1032 3516 Athenis
1060 3448 1166 3514 habe-

131 3550 197 3633 hat,
218 3551 326 3645 legem
346 3539 439 3620 illam
460 3555 716 3620 Aristocrateam
738 3553 829 3620 tulit:
858 3553 911 3621 ἐάν
932 3579 979 3632 τις
1000 3553 1165 3640 ἀποκτείνῃ
1211 3637 1215 3645 Ι

78 3737 81 3743 ¹
131 3658 328 3744 Χαρίδημον,
352 3656 506 3744 ἀγώγιμος
527 3657 649 3737 dormi}
669 3654 793 3744 ἁπάσης
813 3664 871 3745 τῆς
886 3657 1062 3745 Ἀθηναίων
1084 3682 1165 3740 συμ-

129 3762 272 3846 μαχίδος,
296 3757 333 3855 id
354 3778 525 3851 praeterea
547 3785 655 3853 agens,
678 3779 716 3828 ut
736 3761 809 3854 lege
831 3762 894 3829 hac
916 3760 1053 3854 perlata,
1079 3758 1166 3825 Cha-

128 3863 279 3931 ridemus
302 3865 405 3935 etiam,
423 3863 880 3959 duxAtheniensisapopulo
903 3882 1079 3932 crearetur.
1121 3861 1166 3928 V.

130 3990 179 4034 or.
199 3966 238 4036 in
259 3967 420 4040 Aristum
443 3995 477 4061 p.
499 3969 563 4040 623
585 3994 666 4064 sqq.
703 3977 791 4037 Haec
822 3971 1003 4063 agebantur
1025 3966 1166 4034 Athenis

131 4068 190 4138 01.
214 4069 328 4154 CVII‚'
361 4094 388 4139 ι.
441 4068 509 4141 Sed
537 4072 656 4156 eodem
684 4098 777 4151 auno.
798 4071 977 4167 Philippus
1003 4062 1022 4140 a
1051 4069 1171 4139 Cerso·
1205 4127 1206 4130 ,
1295 4129 1296 4133 ,
