2594 4672
503 307 660 409 Aa„

39 471 130 557 „am
154 456 464 556 coseranensis
485 465 638 532 rabaam
659 445 740 530 'essa
773 452 891 529 'immo
905 461 1102 529 nemoasc-

62 593 123 636 nes
146 566 184 655 (l.
208 574 250 650 c.)
278 563 321 632 de
341 568 521 634 Aeschine:
544 570 679 635 εἱστιᾶτο
707 564 825 647 ἐλθών,
855 567 911 646 ait,
932 567 983 631 καὶ
1005 591 1101 633 σπον-

62 673 128 736 δῶν
148 679 267 752 μετεῖχε
293 673 344 736 καὶ
372 671 485 756 εὐχῶν,
517 670 555 748 ἃς
583 674 631 737 hal
658 680 725 748 τοῖς
753 675 817 737 τῶν
843 669 1013 752 συμμάχων
1040 676 1102 736 τῶν

60 770 218 859 ὑμετέρων
239 773 349 855 τείχεσι
370 775 420 838 καὶ
444 772 537 866 χώρᾳ
566 775 617 838 καὶ
641 774 747 851 ὅπλοις
775 771 969 839 ἀπολωλόσιν
996 773 1100 857 εἴχετο

61 879 192 956 ἐκεῖνος,
221 899 259 940 ac
280 877 403 941 sixtum
432 877 499 943 iam
532 875 703 943 decretum
734 875 822 945 illud
841 874 1102 967 Amphictyoni-
1162 944 1164 949 ,

63 1003 141 1046 cum
164 977 207 1044 de
229 964 454 1046 Phocensinm
475 979 605 1047 excidio
637 979 761 1049 sactum
785 997 882 1063 esset3
909 979 1004 1046 nulla
1026 978 1099 1061 alia,

60 1101 99 1150 ut
121 1082 266 1179 videtur,
301 1080 343 1147 de
366 1104 478 1164 causa,
507 1108 607 1176 quam
631 1109 670 1151 ex
693 1110 759 1177 qua
781 1084 967 1150 Phocenses
990 1087 1099 1150 statim

59 1205 138 1279 post
157 1190 294 1278 pactum
315 1186 469 1253 Phalaeci
491 1186 639 1279 perditos
666 1184 847 1281 eorumque
876 1187 976 1253 urbes
1010 1213 1101 1254 ever·
1142 1237 1144 1244 ·

17 1326 19 1331 v
61 1316 113 1358 sas
140 1314 208 1356 esse
239 1287 332 1356 dicit.
380 1290 509 1357 Verum
538 1293 637 1357 etiam
668 1283 753 1358 haec
785 1315 863 1358 cum
885 1315 973 1356 ¹vere
1007 1287 1099 1357 factis

62 1390 308 1487 quodammodo
327 1416 509 1484 congruere
523 1412 669 1486 possent,
690 1396 720 1460 si
740 1395 850 1461 statim
871 1411 947 1488 post
967 1414 1102 1488 pactum

61 1496 215 1565 Phalaeci
239 1514 272 1563 et
293 1515 369 1564 ante
387 1499 675 1589 Amphictyonum
697 1515 897 1565 conventum
917 1499 1101 1565 Phocidem

62 1596 255 1693 occupasset
277 1599 463 1692 Philippus,
487 1602 591 1693 eaque
613 1601 818 1694 pe1decisset,
846 1626 931 1693 quae
953 1605 1101 1669 continet
1165 1622 1171 1639 ·

63 1709 135 1773 eius
165 1704 208 1771 ad
237 1703 458 1772 Athenienses
488 1703 641 1798 epistola,
669 1704 712 1773 ad
740 1728 843 1798 qnam
870 1707 937 1771 iam
964 1729 1102 1774 conver-

62 1828 175 1878 nmur.
726 1873 729 1877 ,
1069 1867 1073 1875 2

39 1902 46 1909 ⁴
149 1913 285 1980 Etenim
306 1915 432 1981 nuncio
456 1912 850 2006 accept0,.Athenienses
871 1913 908 1978 in
930 1910 1020 1979 hello
1044 1936 1102 2002 ap·
1163 1938 1190 1994 ᾤ

60 2016 211 2113 parando
235 2020 405 2111 occupari,
432 2017 607 2111 Philippus
630 2019 675 2084 eis
698 2016 873 2110 epistolam
891 2017 996 2102 mittit
1016 2035 1101 2099 eam,

64 2122 319 2216 quamprecitari
349 2122 443 2187 iuhet
464 2122 704 2189 Demosthenes
728 2122 770 2188 de
792 2144 861 2188 cor.
883 2146 917 2212 p.
942 2122 1015 2188 238.
1061 2122 1100 2185 ln

64 2252 102 2293 ea
124 2224 379 2290 Atheniensibus
401 2226 556 2305 nunciat,
587 2227 752 2292 traiecisse
781 2249 816 2292 se
838 2223 936 2316 Pylas
960 2242 992 2289 et
1013 2224 1102 2292 Pho-

66 2327 177 2394 cidem
198 2327 382 2418 subegisse,
411 2328 450 2392 in
471 2328 624 2408 urbibus,
648 2350 733 2418 quae
754 2345 873 2419 sponte
896 2323 1102 2394 deditionem

63 2431 234 2510 fecissent,
263 2427 429 2521 praesidia
458 2426 595 2512 locasse,
623 2431 718 2535 alias,
749 2452 835 2523 quac
861 2431 1004 2523 imperio
1033 2456 1102 2498 non
1146 2505 1152 2515 .

62 2536 266 2628 paruissent,
295 2533 327 2600 vi
350 2535 492 2625 cepisse,
521 2533 707 2626 incolisque
735 2535 773 2600 in
795 2534 986 2600 servitutem
1006 2535 1103 2607 reda-

63 2641 126 2707 ctis
147 2636 218 2706 solo
241 2661 406 2729 aequasse.
451 2638 521 2705 Iam
544 2640 605 2705 ista
624 2637 780 2705 Phocidis
804 2639 977 2729 occupatio
991 2663 1103 2731 quae„

61 2746 165 2824 ritur,
196 2760 310 2807 utrum
342 2743 455 2809 statim
482 2759 558 2834 post
586 2761 723 2834 pactum
748 2740 902 2809 Phalaeci
925 2767 1002 2810 cum
1024 2744 1103 2809 Phi-

61 2844 157 2939 lippo
181 2844 354 2925 acciderit,
384 2870 427 2912 an
457 2864 634 2913 convocato
658 2845 792 2939 demum
814 2846 1103 2940 Amphictyonum
1198 2900 1201 2911 .

62 2949 207 3017 concilio
220 2948 383 3040 ,factoque
407 2949 678 3042 eorumdecrem,
702 2950 928 3016 Phocensihus
947 2951 1103 3016 exitioso?

62 3054 229 3121 Posterius
256 3051 427 3120 Weishius
456 3055 621 3146 opinatur.
674 3056 720 3120 At
746 3056 896 3146 primum
925 3053 1101 3144 Philippus

62 3157 150 3248 ipsas
171 3154 412 3247 Thermopylas
445 3175 541 3250 pacto
572 3156 728 3224 Phalaeci
757 3157 930 3250 occupavit
956 3157 1101 3249 ideoque

61 3284 177 3326 mense
209 3262 277 3353 iam
307 3258 570 3352 Scirophorione
598 3261 742 3344 traiecit3
773 3278 844 3327 tum
873 3283 913 3325 eu
939 3259 997 3328 illo
1020 3263 1102 3342 Arn-
1176 3335 1183 3343 x

60 3357 283 3457 phictyonum
307 3363 438 3433 decreto
469 3365 549 3431 Ahis
573 3366 715 3458 exceptis
743 3388 857 3432 omnes
868 3365 1102 3432 Phocensium

46 3466 165 3532 urbes
189 3465 406 3535 devastandae
429 3486 524 3536 erant
544 3475 585 3552 (v.
608 3467 641 3536 ll
664 3493 713 3537 cc.
737 3492 811 3563 cap.
833 3469 866 3534 h.
889 3492 940 3533 nr.
955 3493 970 3534 ι
999 3475 1100 3553 extr.].

60 3571 237 3636 Praeterea
258 3572 499 3640 Demosthenes
527 3574 564 3638 in
587 3597 635 3640 or.
665 3599 698 3640 π.
721 3599 860 3660 antonno.
884 3570 974 3638 haud
997 3573 1103 3641 emhi-

50 3662 128 3765 'gue
151 3690 345 3765 occupatam
376 3673 453 3768 pos't
480 3694 614 3769 pactum
636 3665 791 3742 Phalaeci
824 3675 1005 3763 Phocidem
1027 3674 1103 3767 plu-

61 3778 128 3843 ries
158 3775 303 3858 indicat,
336 3780 374 3845 in
405 3804 442 3847 eo
473 3780 701 3871 tantummodo
734 3806 754 3846 a
782 3779 932 3874 Philippi
961 3777 1103 3873 epistola
1191 3769 1194 3774 ’

63 3876 280 3961 dissentiens,
303 3880 396 3974 quod
416 3906 527 3976 neque
557 3886 589 3950 vi
610 3888 673 3953 nec
694 3908 757 3974 per
778 3885 985 3952 ohsidionem
1004 3883 1104 3948 suba-

62 4002 150 4051 ctam
172 3984 356 4052 Phocidem
383 3985 481 4067 dicit,
511 3989 638 4089 quippe
667 3990 728 4079 qui
760 3989 887 4079 ubique
917 4004 1102 4069 monstrare

60 4087 208 4173 studeat,
241 4090 429 4166 Phocenses
450 4089 647 4188 Philippum
663 4093 720 4160 „d
743 4088 945 4161 coercendos
968 4088 1123 4187 Theba-'
