2594 4672
641 304 798 405 got—tt„

129 453 131 456 Α
202 472 403 590 epgnpverit,
424 491 543 560 pacem
573 491 627 536 eos
656 462 826 536 observare
858 470 969 559 potius
995 466 1081 534 velle
1105 485 1139 535 et
1161 471 1248 537 ami-

202 577 331 656 citiam,
362 597 572 666 summopere
609 599 643 640 se
681 599 750 639 esse
780 574 937 663 gavisum.
996 571 1037 636 V.
1073 571 1248 664 Responsa

201 679 354 771 Philippi
376 676 419 743 ad
440 678 562 745 Athen.
586 695 620 744 et
640 678 760 759 Theb,
784 701 868 769 quae
897 693 1021 743 exstant
1048 675 1084 742 in
1115 700 1166 744 or.
1201 678 1247 746 de

202 806 269 850 cor.
292 809 326 873 p.
351 784 415 860 283
436 805 485 872 sq.
493 785 579 865 *λ-

287 887 349 951 His
373 884 512 951 decretis
535 902 633 976 etque
656 885 838 976 responsis,
866 900 903 950 ut
932 885 978 949 ait
998 884 1246 954 Demosthenes

201 988 243 1054 de
266 1012 332 1056 cor.
355 1015 388 1081 p.
413 989 486 1073 284,
511 986 614 1055 elatus
637 980 828 1080 Philippos,
851 988 915 1054 hoc
938 1004 987 1052 est
1002 988 1247 1058 Thebanorum

124 1130 127 1135 ·
202 1095 337 1161 mutatis
359 1091 506 1158 consiliis
529 1092 704 1159 audentior
725 1093 840 1172 factus,
862 1092 967 1159 movit
987 1115 1063 1156 cum
1087 1097 1247 1176 exercitu,

200 1194 351 1263 Elateam
379 1199 485 1288 cepit,
515 1199 552 1262 in
581 1221 686 1289 eaque
716 1220 785 1262 sese
815 1197 1033 1264 communivit
1054 1195 1097 1283 (v.
1121 1199 1247 1264 Aesch.

203 1302 240 1367 in
263 1302 350 1368 Ctes.
379 1326 413 1392 p.
449 1307 499 1390 73.
522 1301 642 1389 med),
673 1324 711 1366 eo
743 1301 896 1382 consilio,
929 1317 967 1365 ut
989 1301 1094 1390 copiis
1117 1303 1188 1368 suis
1209 1304 1248 1369 in

204 1423 383 1497 conspectu
413 1405 652 1472 Thebanorum
683 1406 850 1471 ostentatis
881 1422 980 1495 atque
1010 1405 1110 1469 armis
1142 1428 1249 1499 expo-

152 1548 154 1557 .
204 1511 284 1589 sitis,
316 1526 388 1574 tum
418 1533 500 1599 quos
524 1508 650 1574 Thebis
682 1511 805 1575 amieos
837 1507 978 1573 habebat
1012 1508 1101 1574 hono
1131 1514 1247 1580 animo

204 1635 273 1678 esse
294 1611 433 1692 inheret,
456 1630 529 1678 tum
550 1614 695 1680 inimicis
724 1631 856 1679 tantum
877 1630 1039 1679 terrorem
1068 1614 1247 1695 incuteret,

246 1877 270 1956 )
292 1879 373 1938 Haec
395 1877 453 1938 duo
476 1897 616 1960 responsa
637 1880 721 1938 simul
750 1879 815 1938 data
836 1895 865 1938 et
887 1878 924 1938 ad
945 1879 1023 1939 idem
1044 1879 1106 1940 lere
1129 1895 1246 1962 tempus

288 1963 439 2024 referenda
462 1987 533 2040 esse,
554 1967 641 2023 multa
664 1965 777 2024 docent.
823 1966 951 2025 Primum
973 1967 1048 2026 enim
1063 1966 1159 2027 datum
1181 1991 1246 2027 ma-

262 2094 265 2100 ·
289 2050 393 2111 nisesto
416 2067 572 2132 utrumque
601 2068 661 2124 est,
692 2069 847 2134 postquem
876 2052 1009 2112 Thebani
1035 2055 1147 2112 amicam
1169 2074 1241 2134 erga

290 2137 458 2219 Philippum
488 2136 662 2197 declararant
695 2140 877 2198 voluntatem.
934 2139 1025 2216 Quod
1060 2140 1162 2198 factum
1195 2155 1240 2199 est

291 2225 365 2282 inter
387 2225 491 2304 primns
513 2246 579 2283 cum
605 2225 827 2286 Atheniensibus
854 2226 991 2285 inducias.
1034 2228 1107 2285 Nam
1127 2228 1157 2285 in
1170 2228 1244 2308 xpri-

290 2333 338 2370 mo
362 2310 398 2370 de
422 2310 544 2371 induciis
566 2311 683 2371 decreto
706 2313 894 2373 Athenienses
917 2314 1021 2372 nullam
1036 2312 1247 2374 Thebanorum

290 2397 397 2457 faciunt
418 2399 598 2475 mentionem,
621 2400 739 2457 alterum
761 2415 856 2459 autem
877 2401 964 2458 latum
984 2415 1035 2476 est,
1058 2423 1151 2481 quum
1164 2401 1247 2461 The-

290 2483 358 2543 huni
380 2483 417 2543 ad
437 2506 538 2590 pacem
559 2507 624 2545 cum
646 2486 782 2567 Philippo
815 2485 1042 2545 renovandam
1034 2509 1088 2544 rum
1117 2486 1246 2547 declina-

291 2585 406 2630 verant:
440 2565 541 2649 ἐπειδὴ
574 2568 727 2642 Φίλιππος
753 2571 795 2643 εἰς
822 2565 1045 2654 ἀλλοτριότητα
1082 2569 1247 2652 Θηβαίους

291 2650 371 2736 πρὸς
390 2649 474 2734 ημᾶς
494 2651 688 2734 ἐπιβάλλεται
709 2661 910 2739 καταστῆσαι.
953 2659 1070 2718 Deinde
1084 2675 1246 2743 utrumqne

292 2765 463 2824 responsum
484 2742 582 2802 datum
609 2766 670 2803 esse
699 2744 781 2804 brevi
802 2760 933 2828 tempore
955 2762 1018 2805 ante
1041 2762 1153 2827 captam
1175 2749 1246 2807 Ela-

292 2845 376 2904 team,
404 2831 612 2889 Demosthenes
634 2830 728 2904 docet,
751 2856 857 2937 quum
864 2833 954 2892 dicat:
979 2826 1058 2892 olivo>
1082 2827 1244 2904 decertet

296 2913 450 3021 Φιλιππος
470 2909 529 2987 τὰς
549 2910 652 2988 πόλεις
678 2912 759 2997 πρὸς
780 2913 917 2999 ἀλλήλας
938 2914 990 2979 dut
1018 2913 1154 2996 τούτων,
1192 2919 1246 2980 και

293 2996 444 3074 τούτοις
472 2997 653 3085 ἐπαρθεὶς
682 3010 763 3076 τοῖς
793 3004 1039 3112 ψηφίσμασιν
1065 3003 1126 3066 και
1157 3014 1246 3079 ταῖς

289 3085 565 3197 αποκρίσεσιν,
605 3076 728 3168 ἧκεν’
709 3113 786 3168 ιχιον
813 3087 878 3197 τὴν
911 3088 1082 3170 δύναμιν,
1094 3091 1146 3152 καὶ
1185 3091 1245 3174 τὴν

289 3171 448 3237 Ἐλάτειαν
474 3174 658 3253 κατέλαβεν,
691 3170 733 3248 ὡς
754 3173 861 3238 ουιλΗ
842 3202 896 3256 αν,
932 3175 965 3240 εί
980 3201 1009 3239 τι
1031 3176 1166 3259 γένοιτο,
1198 3177 1244 3242 ἔτι

293 3258 549 3340 συμπνευσόντων
565 3260 614 3326 dv
641 3257 730 3343 υμῶν
757 3264 807 3325 καὶ
837 3269 900 3327 τῶν
924 3264 1088 3345 Θηβαίωνι
1119 3268 1157 3327 de
1181 3291 1242 3328 cor

292 3372 324 3431 p.
356 3348 427 3423 284.
471 3350 571 3432 ltaque
597 3375 766 3457 responsum
794 3353 831 3412 ad
860 3354 1082 3458 Thargclionem
1114 3377 1242 3415 mensem

291 3435 475 3495 referendum
505 3453 563 3514 est,
602 3454 630 3497 et
659 3433 834 3520 Ἀπόκρισις
859 3432 1040 3519 Ἀθηναίοις
1068 3460 1242 3522 responsum

294 3537 337 3582 est
365 3521 402 3580 ad
430 3525 549 3582 alterum
575 3526 792 3585 Atheniensium
817 3526 854 3585 de
880 3525 1002 3587 induciis
1025 3526 1190 3602 decretum,
1212 3529 1244 3634 id

294 3608 377 3715 quod
406 3608 511 3668 docent
539 3612 623 3670 etiam
648 3613 751 3671 verba:
784 3605 1063 3682 ἀποστείλαντες
1046 3620 1136 3691 υμεῖς
1163 3610 1243 3697 πρὸς

292 3688 346 3774 ἐμὲ
375 3692 519 3775 πρέσβεις
544 3695 594 3756 stol
626 3692 769 3779 κήρυκα
798 3701 864 3775 (hoc
892 3701 967 3759 enim
995 3722 1060 3759 cum
1082 3696 1240 3763 Schaefero

292 3776 488 3863 Belsltcroque
529 3786 644 3845 omnino
687 3787 868 3846 retinendum
907 3782 1035 3869 censeo).
1092 3790 1168 3848 Nam
1206 3811 1240 3852 ex

290 3871 383 3954 primo
413 3868 529 3928 decreto
557 3870 611 3928 soli
637 3872 753 3954 legati
749 3873 786 3932 acl
812 3874 978 3956 Philippum
1006 3875 1082 3934 missi
1110 3892 1178 3934 suut
1206 3897 1240 3935 ex

290 3973 389 4018 senatu
411 3971 469 4015 tres
490 3951 531 4038 (v.
560 3956 709 4034 Schaeler,
732 3963 868 4042 Apparet.
891 3961 952 4022 crit.
976 3961 1012 4020 ad
1034 3963 1186 4036 Demosth.
1208 3985 1238 4045 p

268 4072 272 4114 ι
292 4049 364 4123 282,
386 4066 413 4106 v
440 4064 451 4100 ι
458 4037 501 4126 7)
524 4064 558 4104 ex
580 4044 669 4104 altero
696 4045 782 4129 legati
804 4049 863 4109 duo
887 4069 922 4110 ex
944 4063 1057 4126 senatu,
1080 4064 1109 4109 et
1132 4071 1238 4133 praeco

289 4154 325 4197 ex
345 4130 468 4215 populo.
647 4146 650 4153 ’
