2594 4672
573 220 729 334 Α

61 442 62 445 ,
129 395 225 461 abire
236 393 361 474 liceret,
380 393 407 458 I.
420 417 447 460 c.
459 418 492 484 p.
506 395 631 487 357sq.
642 393 758 480 361.*)
789 391 829 459 I'd
841 408 988 485 pactum,
1002 416 1066 484 per
1080 394 1186 486 >quod

130 497 221 565 bello
244 497 407 564 Phocensi
437 497 514 563 finis
536 499 709 590 impositus
741 516 805 576 est,
838 495 961 567 accidit
991 495 1176 596 §simpho-

129 604 236 693 rionis
259 602 315 668 die
338 602 475 681 XXIII,
508 601 529 666 I.
555 626 582 667 c.
604 627 639 694 p.
663 603 736 692 359.
781 590 1028 692 Argumentum
1049 592 1176 672 Demo-

129 707 262 772 sthenes
271 704 325 770 his
338 705 446 771 verbis
461 704 569 772 affert:
591 712 631 795 τῇ
642 705 765 793 τετράδι
777 703 948 794 φθίνοντος
967 706 1175 791 ίκκλησιάζετε

128 811 186 894 μὲν
207 808 278 874 τόθ’
299 806 386 892 ὑμεῖς
407 812 441 874 ἐκ
460 814 607 894 Πειραιεῖ
623 813 691 895 περὶ
713 817 776 876 τῶν
798 812 830 876 ἐν
851 819 918 900 τοϊς
938 811 1094 895 νεωρίοις·
1121 804 1174 897 ἧκε
1205 812 1207 816 ’

129 914 164 978 δὲ
185 911 343 997 Δερκύλος
365 914 397 976 ἐκ
418 914 594 992 Χαλκίιλος,
618 914 668 977 καὶ
690 912 870 997 ἀπήγγειλεν
890 909 975 995 ritate,
1000 911 1048 979 ὅτι
1071 913 1171 982 πάντα

129 1016 170 1081 τὰ
190 1014 346 1102 πράγματ’
368 1017 543 1099 ἐγκεχείρικε
564 1017 716 1100 Θηβαίοις
738 1011 935 1094 ὃΦίλιιαιος,
958 1017 1008 1080 καὶ
1020 1019 1170 1103 πέμπτην

129 1117 207 1184 εἶναι
228 1118 345 1203 ταύτην
365 1114 485 1203 ἡμέραν
507 1119 646 1203 ἐλογίζετ’
667 1115 723 1206 ἀφ’
746 1110 784 1183 οὗ
797 1116 961 1204 ’γεγόνασιν
983 1119 1016 1184 αἱ
1040 1122 1171 1187 σπονδαί

128 1229 174 1314 (p.
197 1221 287 1309 360).
333 1222 406 1288 Hoc
421 1239 532 1288 autem
545 1224 671 1290 nuncio
686 1238 822 1314 accepto
838 1222 1040 1313 cognitaque
1055 1223 1171 1291 fraude
1211 1248 1214 1252 ’

17 1408 20 1413 ι
128 1323 278 1418 Philippi
299 1326 518 1392 Athenienses
541 1324 625 1394 adeo
652 1323 841 1415 indignatos
869 1348 938 1392 esse
959 1330 1174 1419 perterritos-

129 1454 207 1522 que,
229 1447 267 1496 ut
283 1426 325 1496 de
346 1427 429 1495 belli
451 1431 663 1522 apparatibus
686 1429 784 1496 illico·
792 1431 986 1520 cogitarent,
1009 1427 1075 1499 alio
1100 1431 1178 1501 loco-

126 1534 368 1604 Demosthenes
391 1533 501 1602 tradit
543 1535 660 1603 Refert
687 1535 779 1600 enim
802 1534 849 1627 (p.
873 1535 937 1624 378
960 1541 1058 1626 sqq),
1081 1540 1186 1627 post?

126 1664 231 1731 quam
261 1636 377 1705 decem
404 1638 457 1705 illi
486 1638 585 1733 legati
613 1638 696 1706 iuris
726 1636 862 1704 iurandi
891 1662 987 1705 causa
1017 1639 1060 1705 ad
1091 1641 1172 1708 Pht

126 1743 261 1836 lippum
282 1744 375 1809 missi
397 1743 613 1834 Athenasque
634 1744 757 1810 reversi
783 1741 951 1834 populum
977 1741 1070 1811 falsis
1094 1769 1172 1838 pro.-

106 1849 234 1913 ‘missis
257 1845 481 1939 decepissent,
503 1870 628 1939 nempe
649 1846 847 1938 Philippum
877 1844 920 1912 ad
942 1847 1169 1942 Themopylas
1216 1846 1219 1853 ’

126 1953 313 2032 traiecisse,
343 1974 414 2018 non
443 1950 485 2016 ad
520 1948 709 2043 parandum
740 1950 967 2018 Phocensihus
991 1952 1169 2021 'interitum

31 2118 33 2121 .
125 2054 185 2123 sed
207 2054 447 2122 Thebanorum
467 2054 682 2122 insolentiam
704 2057 913 2146 puniturum,
940 2078 1043 2129 novos
1067 2083 1088 2122 a
1109 2081 1167 2151 po-

75 2203 82 2211 s
125 2159 207 2252 pulo
232 2157 356 2251 legatos
378 2158 500 2227 electos
523 2155 609 2240 esse,
639 2160 802 2225 nimirum
831 2162 892 2251 qui
920 2159 1084 2254 Philippo
1113 2161 1165 2229 dc-

27 2263 29 2271 ’
126 2283 256 2332 cretum
277 2263 364 2331 illud
385 2265 583 2334 Philocratis
605 2263 783 2344 traderent,
807 2288 884 2332 cum
905 2287 1012 2354 eoque
1035 2289 1168 2332 accura-

124 2371 189 2443 tius
202 2369 251 2437 'de
265 2370 488 2438 Phocensium
501 2368 636 2436 fortuna
656 2367 941 2461 colloquerentur,
970 2367 1024 2450 (cf.
1037 2371 1167 2464 Argmt

68 2498 70 2502 ’
125 2475 158 2541 II
181 2473 223 2541 ad
246 2497 294 2541 or.
318 2476 414 2540 Dem.
437 2503 469 2540 π.
493 2499 632 2560 παραπρ.
654 2499 689 2565 p.
712 2474 802 2563 337).
849 2473 942 2556 Inter
971 2472 1031 2540 hos
1055 2475 1167 2567 ipsum

123 2604 159 2646 se
180 2596 295 2644 narrat
317 2595 463 2645 creatum
487 2601 555 2642 esse
578 2593 612 2642 et
632 2577 849 2661 Aeschinem,
871 2594 906 2644 se
927 2601 1005 2644 vero
1022 2578 1166 2648 ciurasse

122 2683 342 2774 legationem,
385 2681 589 2748 Aeschinem
627 2699 799 2775 aegrotum
833 2705 868 2747 se
903 2680 1090 2765 simulasse,
1136 2701 1167 2752 et

122 2786 262 2854 fratrem
297 2786 350 2851 sui
382 2784 457 2851 loco
492 2786 714 2877 proposuisse.
774 2785 865 2852 Haec
898 2785 1021 2879 legatio
1059 2813 1166 2880 quum
1213 2864 1218 2871 ,

122 2891 266 2959 Athenis
289 2889 438 2969 abiisset,
473 2890 627 2980 quinque
648 2907 705 2956 aut
733 2913 790 2956 sex
818 2890 936 2957 diebus
962 2910 1039 2983 post
1060 2894 1167 2960 inter-

121 2998 249 3064 venisse
269 3011 405 3088 pactum
430 2991 518 3059 illud
539 2991 711 3078 Phalaeci,
739 3017 806 3086 quo
835 2991 1015 3060 diiudicata
1036 2996 1080 3062 sit
1101 2997 1168 3063 mi-

121 3123 195 3167 sera
216 3098 438 3167 Phocensium
460 3098 548 3183 sors3
569 3099 746 3190 statimque
763 3097 956 3190 Dercylum,
978 3096 1168 3188 legatorum

122 3227 246 3285 unum,
275 3199 439 3270 Chalcide
471 3201 638 3269 reducem
668 3203 931 3271 Atheniensibus
967 3203 1004 3269 in
1044 3204 1166 3272 Piraeo

165 3519 193 3608 *)
211 3522 420 3585 Demosthenes
441 3543 507 3582 cum
523 3521 664 3604 Philippo
683 3538 784 3606 pactos
799 3521 964 3582 Phocenses
985 3520 1065 3596 dicit,
1086 3521 1165 3589 Pha·

175 3613 177 3616 ⁴
207 3610 319 3673 laecum
340 3609 471 3669 consulto
493 3611 679 3692 praeteriens.¹
700 3610 757 3669 Hic
785 3611 861 3668 enim
887 3631 923 3668 ex
943 3623 1029 3692 pacto
1052 3610 1083 3667 in
1105 3607 1166 3668 Pe-

206 3698 398 3781 loponnesum
426 3719 490 3756 cum
519 3697 647 3757 exercitu
675 3695 812 3756 discessit.
857 3696 925 3756 Non
950 3696 1048 3778 potuit
1075 3696 1164 3777 igitur

207 3807 274 3847 cum
295 3783 435 3865 Philippo
463 3798 620 3865 propterea
646 3784 769 3864 paciscI,
802 3780 886 3865 quod
912 3783 991 3842 vanis
1012 3783 1164 3841 Aeschinis

111 3865 114 3871 ’
206 3871 353 3954 promissis
374 3869 572 3951 imprudenter
594 3870 718 3930 confisus
740 3883 828 3950 esset,
855 3867 887 3929 id
909 3866 994 3952 quod
1014 3867 1166 3927 contendit

93 3952 116 3980 ⁵
172 3964 186 4015 ’.
206 3957 424 4033 Demosthenes,
445 3972 478 4017 ut
500 3978 536 4015 eo
559 3957 677 4015 maxime
699 3955 851 4016 adversarii
873 3955 1050 4016 demonstret
1072 3955 1165 4038 perfi-

207 4044 291 4107 diam.
335 4043 374 4105 V.
397 4061 592 4123 usnnpotnp.
615 4064 645 4124 p.
670 4044 742 4105 358.
