2594 4672
523 298 620 378 'ast

439 411 441 415 a
500 400 655 414 m

63 466 86 500 ⁵
125 477 260 571 -Itaque
290 472 372 544 haec
399 498 535 570 quoque
566 496 783 547 monumenta
811 480 893 548 licet
923 464 1090 553 iudicialis

56 586 185 676 generis
216 584 297 660 sint,
328 603 368 646 ex
396 581 514 648 eodem
544 582 768 676 fonte'petita
796 587 877 666 sint,
907 585 998 652 unde
1021 604 1092 655 acta

56 703 187 753 senatus
210 701 243 749 et
263 682 393 777 populi.
439 687 485 752 Et.
503 710 555 752 res
578 703 666 752 certe
688 688 733 752 ita
755 689 822 754 iam
848 687 1011 781 explorata
1034 711 1103 777 ests
1135 688 1138 697 ’

56 802 94 856 ut
115 791 143 856 si
167 790 355 855 coniectura
384 804 551 880 postremo
586 815 603 855 a
631 791 919 884 nobisproposita
939 792 1018 860 falsa
1040 797 1092 880 sit,
1120 841 1125 847 »

58 893 150 960 aliud
170 892 259 958 nihil
280 891 491 969 statuendum
508 911 637 974 instet,
674 918 776 986 quam
809 894 875 961 duo
898 895 1093 977 haectesti-

56 997 232 1064 monia·ab
255 993 327 1086 ipso
340 996 563 1062 Demosthene
576 1014 645 1061 esse
668 999 807 1065 orationi
823 1000 953 1065 inserti.
972 1050 974 1055 .
1000 1002 1093 1085 Quae

56 1103 180 1194 opinio*
203 1119 407 1190 quamquam
436 1102 547 1165 statim
576 1117 754 1191 propterca
787 1100 1011 1169 addubitanda
1044 1106 1094 1171 vi-

57 1204 174 1270 deutur
183 1253 197 1299 ,ι
224 1200 316 1292 quod
344 1201 427 1267 haec
455 1201 523 1268 sola
550 1221 764 1270 monumenta
792 1205 832 1288 ah
861 1207 935 1296 ipso
964 1224 1095 1276 oratore

30 1307 204 1400 ⁴profectu
228 1329 307 1385 esse,
329 1302 459 1396 reliqua
482 1303 537 1371 alii
571 1308 696 1372 auctori
724 1305 856 1386 deberi,
884 1309 938 1373 vix
959 1308 1002 1375 sit
1023 1334 1095 1378 cre·
1187 1348 1194 1365 s

58 1409 173 1490 dibile,
196 1429 308 1475 tamen
330 1431 400 1474 non
423 1411 581 1475 continuo
603 1409 789 1475 reiicienda
812 1426 875 1488 est,
897 1416 1094 1502 praesertim

57 1538 164 1606 quum
184 1513 295 1579 Nicias
330 1536 368 1576 ex
396 1535 561 1603 eponymo
589 1513 791 1579 Nicomacho
811 1530 915 1584 ,natus
944 1527 1028 1596 esse,
1063 1531 1096 1586 et

58 1617 224 1708 adscripta
254 1616 412 1705 temporis
443 1633 521 1683 nota
549 1640 586 1680 ea
609 1614 715 1705 videri
738 1619 849 1706 possit,
875 1641 959 1708 quae
982 1614 1095 1686 addita

20 1715 25 1720 ’
57 1739 129 1787 tum
152 1721 203 1799 sit,
227 1743 332 1809 quum
356 1718 596 1784 Demosthenes
620 1709 781 1784 tradenda
803 1720 867 1784 sihi
891 1724 1022 1788 exactis
1045 1746 1096 1789 sed

57 1839 153 1890 natus
175 1840 393 1889 monumenta
413 1820 474 1886 illa
495 1823 697 1913 expoposcit,
714 1821 767 1887 'eis
789 1841 826 1889 ut
842 1825 878 1887 in
901 1846 995 1890 causa
1018 1825 1097 1894 Cte-

57 1928 222 2020 siphontis
244 1943 410 1992 uteretun·
448 1923 737 1991 Consideiandum
761 1928 851 1991 enim
866 1920 1096 1999 adhucunum
1146 1975 1148 1978 ⁴
1196 1917 1201 1922 ⁸

56 2047 311 2098 monumentum
333 2039 452 2109 restat,
482 2027 525 2093 de
559 2052 626 2120 quo
649 2028 684 2094 id
707 2031 820 2121 ipsum
842 2028 958 2121 quaeri
980 2034 1095 2126 possit,

29 2143 144 2200 ‘anne
166 2133 230 2201 hoc
253 2133 293 2198 ab
317 2134 389 2223 ipso
413 2134 457 2197 sit
485 2149 615 2198 oratore
637 2132 835 2224 profectum.
883 2124 944 2200 οο.
969 2134 1096 2206 decor.
1172 2141 1174 2143 ’
1211 2166 1212 2173 “

57 2265 91 2332 p.
117 2239 178 2326 267
203 2237 325 2326 legitur
352 2233 405 2300 lex
434 2234 476 2298 de
505 2236 637 2299 coronis
664 2237 707 2299 ¹in
736 2235 865 2302 theatro
895 2237 1098 2308 renuncian-

58 2340 127 2407 dis:
150 2341 247 2418 ὅσουςΙ
266 2340 454 2426 στεφανοῦσί
473 2361 552 2412 τινες
574 2343 637 2402 τῶν
658 2335 779 2421 δήμων,
804 2339 862 2413 τάς
884 2339 1099 2429 ἀναγορεύσεις

58 2452 121 2513 τῶν
149 2443 309 2532 στεφάνων
338 2447 498 2507 ποιεῖσθαι
532 2440 575 2506 ἐνι
596 2440 702 2516 αὐτοῖς
732 2436 879 2517 ἑκάστους
910 2453 976 2519 τοῖς
1008 2448 1100 2526 ἀλλοις

40 2548 179 2634 ἀκύρους,
205 2548 259 2614 ἒάν
279 2545 323 2631 μή
345 2571 431 2620 τινας
453 2541 470 2608 ὃ
493 2546 592 2626 δῆμος
610 2541 706 2608 ὁτῶν
723 2542 899 2629 Ἀθηναίων
919 2545 940 2630 ἢ
963 2537 1097 2637 ἦ,βουλῆ

58 2662 221 2739 στεφανοῖ·
244 2648 374 2725 τούτους
396 2650 531 2725 ύέξεΐναι
554 2647 585 2713 ἐν
607 2653 651 2737 τῷ
673 2642 800 2738 θεάτρῳ
821 2650 999 2729 Διονυσίοις
1020 2652 1099 2720 ἀνα.
1169 2656 1174 2661 “

15 2773 16 2776 ’
58 2755 254 2843 γορεύεσθαι.
299 2753 394 2819 Hanc
422 2748 530 2840 legem
559 2751 696 2818 nonnisi
726 2767 857 2843 partem
886 2755 986 2821 totius
1017 2755 1099 2850 legis

59 2858 281 2949 Dionysiacae
312 2880 381 2922 esse
408 2854 588 2920 Aeschines
619 2855 792 2922 contendit
823 2879 870 2925 or.
893 2859 930 2922 in
955 2858 1041 2931 Ctes.
1064 2889 1099 2957 p.

60 2965 101 3031 58
126 2978 206 3026 extr.
230 2960 411 3046 (χρήσονται
433 2965 489 3023 τού
511 2959 609 3042 νόμου
630 2960 716 3045 μέρει
737 2962 813 3040 τινί,
841 2953 1021 3041 κλέπτοντες
1042 2966 1101 3051 τὴν

58 3064 209 3152 ἀκρόασιν
240 3060 357 3146 ὑμῶν),
394 3077 427 3127 et
455 3069 597 3127 extrema
618 3062 687 3126 eius
717 3062 817 3127 verba
848 3063 900 3127 ad*
918 3064 1101 3156 ἀλλοτρίους

40 3166 242 3256 στεφάνους,
267 3162 310 3230 ad
332 3185 469 3231 corones
492 3166 533 3230 ah
558 3164 677 3230 exteris
700 3163 809 3230 solum
831 3166 1017 3236 civitaiihus
1040 3171 1101 3240 do-

57 3290 151 3338 natas
172 3260 342 3363 pectinem
364 3271 600 3360 interpretatur
627 3266 711 3363 ibid.
739 3294 774 3361 p.
804 3273 844 3337 58
876 3295 925 3363 sq.
976 3275 1101 3368 Legem

57 3376 160 3441 'etiam
182 3377 289 3466 ipsam
310 3373 548 3465 Dionysiacam
578 3371 672 3438 affert
693 3399 726 3464 pf
749 3373 791 3440 60
814 3398 858 3439 m.
866 3425 876 3455 ,
909 3400 1012 3466 ¹quam
1034 3381 1099 3450 lion

58 3477 134 3546 loco
165 3502 234 3545 non
263 3493 422 3544 servatam
454 3477 549 3543 nohis
586 3500 655 3541 esse
688 3473 784 3542 valde
821 3477 1004 3547 dolendum
1041 3502 1100 3554 est.

59 3580 289 3650 Nihilominus
312 3596 379 3647 tota
401 3578 454 3646 lex
477 3578 584 3671 qualis
606 3579 876 3668 sueritcognosci
900 3608 940 3649 ex
962 3587 1003 3652 iis
1024 3606 1104 3680 pot.
1173 3626 1175 3631 -

60 3702 121 3766 est,
145 3709 230 3778 quae
252 3685 294 3751 de
318 3685 607 3775 argumentosius
639 3682 773 3774 copiose
794 3685 975 3755 Aeschines
998 3690 1102 3760 disse-

59 3791 115 3858 rit.
161 3792 272 3881 Atque
293 3782 457 3881 primum:
490 3785 661 3876 ύιαρῤήύην
690 3787 873 3876 ἀπαγορεύει
892 3789 937 3882 [ὅ
964 3797 1102 3879 νομοθύ-
1180 3818 1181 3823 ’

58 3893 151 3990 της],
176 3893 232 3974 ait,
253 3891 326 3978 μήτ’
348 3886 469 3978 οἰκέτην
490 3890 718 3980 ἀπελευθεροῦν
744 3894 776 3957 ἐν
797 3901 841 3983 τῷ
862 3896 1000 3987 θεάτρῳ,
1023 3899 1103 3986 μήθ’
1126 3897 1128 3901 ’
1155 3946 1158 3950 ι
1186 3908 1189 3914 ’

57 3995 122 4064 ύττά
145 4003 208 4063 τῶν
228 4000 376 4085 φυλετῶν
395 3995 415 4078 ἢ
445 3995 589 4079 δημοτῶν
618 3993 870 4081 ἀναγορεύεσθαι.
891 4000 1103 4088 περατούμε-

58 4126 133 4182 νον,
161 4099 251 4186 μήθ’
280 4096 348 4166 ἀπ’,
366 4097 485 4170 ἀλλου
514 4100 591 4187 φησὶ
616 4095 806 4183 μηδενός,
838 4101 859 4187 ἢ
887 4101 998 4188 ἄτιμον
1025 4104 1103 4176 εἴρας

68 4224 74 4230 ·
722 4206 790 4270 23*
