2594 4672
651 316 808 411 Q

211 497 273 542 nos
302 476 338 550 in
368 472 543 539 Graeciam
574 469 783 537 descendisse
809 486 914 551 ratos,
945 473 1036 562 quod
1058 460 1250 557 iactaverint

211 577 392 645 Aeschines
414 593 513 668 atque
535 573 749 654 Philocrates,
772 576 843 640 sine
865 572 936 639 ulla
958 575 1149 662 suspicione
1173 558 1278 647 Phi.x

134 732 138 744 .
212 675 308 775 lippo
331 704 366 746 se
388 680 603 747 commisisse.
641 678 705 744 'Sic
727 704 761 770 Ρ.
784 678 864 746 360:
893 677 938 744 ίτι
963 678 1068 742 τοίνυν
1094 677 1132 742 τὸ
1154 682 1251 766 μηδε-

210 790 287 872 μίαν
307 791 371 852 τῶν
391 785 510 850 πόλεων
530 789 594 849 τῶν
615 785 647 848 ἐν
672 787 830 869 Φωκεῦσιν
850 778 967 846 άλῶναι
989 783 1162 873 πολιορκίᾳ,
1189 782 1275 850 ἀλλ’·

211 893 245 957 ἐκ
265 895 323 954 τοῦ
344 889 535 954 σπείσασθαι
556 884 676 961 πάντας
698 885 798 970 άρδην
818 885 1005 963 ἀπολίσθοι,
1026 883 1177 968 μέγιστόν
1189 886 1250 955 ἔστί

212 1002 341 1077 σημεῖον
361 997 419 1057 τοῦ
440 990 492 1056 διά
513 987 643 1065 τοάτους
670 988 856 1064 πεισθέντας
876 987 1006 1068 σάτοάς,
1035 983 1079 1062 ὥς
1105 983 1168 1053 άπὸ
1194 994 1247 1060 τοῦ

215 1097 372 1163 Φιλίππου
385 1093 596 1179 σωθήσονται,
619 1099 719 1158 ταῦτα
740 1096 865 1172 nauco,
891 1107 924 1155 et
943 1114 978 1181 p.
1002 1091 1065 1156 358
1087 1114 1181 1182 sqq.:
1200 1093 1247 1159 κοιλ

211 1198 272 1285 γάρ
299 1223 349 1264 τοι
377 1195 571 1283 παραδόντες
599 1191 714 1272 αὖτοὺς
738 1196 883 1290 Φιλίππῳ
909 1196 959 1258 καί
982 1191 1101 1270 ἕκίντες
1123 1195 1248 1283 ἐγχειρί-

212 1326 322 1377 σαντες
354 1301 456 1387 ἐκείνῳ
492 1298 552 1375 τάς
584 1299 689 1375 πόλεις
722 1295 868 1363 άπάντων
902 1304 966 1364 τῶν
1001 1298 1166 1378 ἐναντίων,
1208 1288 1249 1364 ὅν

211 1405 292 1491 πρὸς
310 1400 394 1487 ὑμᾶς
415 1394 507 1479 οὗτος
533 1401 723 1488 ἀπήγγειλεν,
756 1401 873 1484 ἔτυχον.
920 1399 971 1466 Cf.
999 1425 1033 1491 Ρ.
1064 1401 1145 1482 365,
1179 1403 1249 1492 379,

129 1508 134 1516 '
212 1509 286 1575 380.
337 1505 463 1573 Clarius
493 1504 583 1572 dicta
616 1505 848 1571 Demosthenis
878 1503 1019 1596 explicat
1051 1502 1248 1571 Aeschines:

97 1661 105 1682 t
192 1609 428 1703 ,πιστεάσοιντὲς
454 1611 489 1676 δὲ
516 1610 547 1675 οἱ
571 1613 689 1704 Φωκεῖς
715 1611 783 1692 ἐμοὶ
805 1608 877 1675 είσω
898 1613 1016 1674 Πυλῶν
1037 1605 1134 1674 αιἰτὸν
1156 1632 1248 1697 παρε-

211 1717 349 1798 ιλέξαντο,
373 1717 424 1780 καὶ
445 1714 503 1790 τὰς
524 1712 630 1789 πόλεις
650 1713 708 1788 τὰς
729 1710 833 1778 cirtio
853 1714 1042 1799 παρέδοσαν.
1064 1739 1097 1778 π.
1110 1736 1250 1800 παραπρ.

209 1842 244 1910 p.
266 1817 320 1903 46.
365 1815 435 1884 Sed
456 1820 528 1907 ipse
550 1817 664 1882 etiam:
695 1813 738 1892 ὡς
764 1816 823 1902 γάρ
845 1814 978 1899 τάχιστα
1000 1815 1072 1880 είσω
1093 1810 1248 1882 fleturi

214 1925 369 1997 Φίλιππος
389 1926 550 2008 παρῆλθε,
579 1921 631 1985 καί
656 1919 715 1996 τάς
741 1921 797 2002 μὲν
824 1922 857 1985 ἓν
886 1923 1026 1985 Φωκεῦσι
1058 1917 1165 1995 πόλεις
1191 1943 1248 1985 πο-

211 2025 353 2112 ραιλάξως
374 2023 568 2100 ἀναστάτους
588 2023 712 2109 ἐποίησε
734 2045 780 2093 οτι
806 2023 841 2086 in
859 2022 946 2088 Ctes.
969 2047 1003 2113 Ρ.
1026 2022 1068 2089 65
1092 2023 1138 2086 in.
1186 2023 1250 2088 De·

210 2130 315 2220 nique
349 2151 427 2193 cum
455 2125 680 2193 Demosthene
717 2127 909 2219 conspirans
927 2114 1112 2193 'Diodorus
1144 2125 1247 2208 (XVI,

212 2233 269 2321 59)
297 2255 349 2297 res
376 2247 452 2322 post
478 2247 615 2322 pactum
644 2230 798 2296 Phalaeei
827 2248 932 2320 gestas
962 2230 1027 2297 hoc
1058 2227 1180 2296 ordine
1199 2251 1248 2295 re-

209 2336 288 2402 fert:
325 2335 356 2400 οἱ
388 2336 423 2400 δὲ
451 2339 572 2411 Φωκεῖς
598 2337 812 2418 συντριβέντες
839 2344 908 2410 ταῖς
937 2336 1037 2402 ἐλπίσι
1067 2335 1248 2421 παρέδωκαν
1279 2326 1284 2345 ’

210 2438 340 2516 ἑαυτοὺς
367 2446 413 2528 τῷ
444 2441 598 2529 Φιλίππῳ.
628 2436 646 2505 ὁ
677 2441 712 2505 δὲ
732 2438 878 2522 βασιλεὺς
907 2437 979 2504 άνευ
1000 2437 1105 2522 μάχης
1125 2437 1247 2504 ἀνελπί-

210 2567 292 2622 στως
311 2543 489 2619 καταλύσας
515 2543 570 2608 τὸν
598 2543 683 2630 ἱερὸν
709 2541 860 2625 πόλεμον,
892 2540 1057 2628 συνήδρευε
1086 2540 1168 2624 μετά
1190 2545 1246 2608 τελε

210 2652 359 2714 Βοιωτῶν
386 2649 438 2711 καὶ
467 2648 643 2712 Θετταλῶν.
672 2645 786 2776 ἔκρινεν
812 2641 867 2711 οὖν
898 2644 1100 2731 συγκατάγειν
1128 2643 1167 2709 τὸ
1189 2648 1246 2717 τάν

205 2744 437 2838 Ἀμφικτυόνων
463 2749 637 2834 συνέδριον,
675 2751 725 2814 και
752 2746 854 2839 τούτῳ
885 2775 944 2835 την
973 2751 1043 2835 περὶ
1074 2753 1138 2814 τῶν
1171 2748 1247 2815 ὅλων

212 2853 376 2940 διάγνωσιν
397 2853 571 2936 ἐπιτρίψαι.

297 2954 473 3050 Philippus
505 2956 610 3046 igitur
631 2953 902 3046 Scirophorionis
922 2956 1043 3022 XXIII
1065 2978 1145 3022 cum
1166 2885 1249 3021 Pha·

210 3059 302 3129 laeco
331 3079 448 3154 pactus
479 3060 638 3126 continuo
670 3049 906 3127 Thessalorum
940 3060 1250 3151 Thebanorumqut

211 3166 293 3231 votis
316 3165 501 3257 obsequens
523 3160 689 3256 (Aesoh.
680 3191 713 3232 π.
713 3190 870 3254 παρσπρ.
891 3191 926 3258 Ρ.
948 3165 993 3250 46
1012 3164 1052 3255 s.)
1065 3163 1252 3231 Phocidem

168 3323 170 3329 .
211 3269 400 3359 occupavit,
438 3267 568 3335 scilicet
595 3291 640 3334 ne
672 3291 767 3334 mora
801 3269 1027 3336 Phocensibus
1061 3267 1252 3350 resistendi,

210 3372 469 3438 Atheniensibus
492 3395 594 3465 opem
619 3372 750 3439 ferendi
778 3370 966 3439 facultatem
987 3373 1175 3465 praeberet,
1197 3387 1252 3439 ut-

151 3508 157 3518 ·
210 3496 278 3568 que
300 3474 408 3543 delato
431 3493 507 3542 ante
522 3500 734 3544 communem
750 3475 1036 3570 Amphictyonum
1049 3493 1250 3545 conventum

210 3579 254 3645 ad
281 3580 459 3648 Thebanos
494 3595 528 3647 et
561 3579 733 3649 Thessalos
770 3581 923 3648 omnium
954 3604 1068 3647 rerum
1097 3581 1249 3658 arbitrio,-

209 3685 282 3775 ipse
312 3707 350 3751 eo
374 3685 495 3751 certius
522 3685 560 3751 in
580 3683 845 3778 Amphictyones
873 3685 981 3777 recipi
1013 3703 1135 3777 posset
1180 3683 1248 3750 Oo-

22 3838 25 3846 .
128 3864 134 3884 ’
209 3790 346 3880 enpanti
376 3804 487 3854 tamen
510 3789 711 3856 restiterunt
741 3787 868 3878 aliquot
892 3788 1003 3855 urbes.
1052 3789 1129 3857 Non
1159 3787 1249 3854 enim

208 3893 310 3960 totius
334 3889 457 3984 populi
479 3916 661 3976 consensu,
682 3891 742 3960 sed
765 3890 852 3958 solus
874 3891 1051 3958 Phalaecus
1073 3893 1251 3985 propriae-

162 4025 166 4039 ¹
209 4019 276 4088 que
298 3994 410 4061 salutis
432 3997 535 4086 gratia
556 3996 656 4063 urbes
685 4014 781 4088 paeto
809 3995 1002 4063 tradiderat
1048 3996 1251 4062 Resistentes

204 4100 312 4191 igitur
336 4097 517 4195 Philippus
544 4103 579 4172 vi
607 4103 715 4193 cepit,
744 4099 952 4194 delevitque,
978 4098 1050 4167 aliis
1079 4098 1251 4192 praesidia
