2594 4672
521 275 674 386 ffl-
693 275 695 281 ,

77 447 211 518 molitus
232 450 284 531 sit,
306 449 494 518 societatem
515 447 649 519 hostilia
661 447 831 542 Byzantiis
853 457 947 516 mma
963 445 1115 516 intulisse

60 552 263 623 contendit:
287 552 330 621 de
352 578 421 623 cor.
443 579 478 648 p.
501 555 575 642 254
887 572 889 579 ’
1130 627 1132 629 .

163 659 280 751 Itaque
301 656 497 781 Philippus,
527 681 634 752 quum
653 659 804 750 primum
825 601 955 725 duobus
974 592 1041 724 illis
1062 681 1117 722 re·-

78 763 206 856 gibus'
195 762 340 854 imperio
365 760 471 853 pulsis
498 764 608 857 (epist.
629 759 717 829 Phil.
752 761 824 845 161)
853 761 1012 850 Thracia
1020 785 1117 853 expe-

78 865 206 935 ditione
227 866 373 935 fehc1ter
382 865 558 947 defunctus
571 882 665 950 esset,
687 867 848 935 continuo
870 867 908 933 in
930 889 1023 933 oram
1035 867 1117 934 Pro*

76 969 227 1066 pontidis
248 971 363 1060 morit.
408 969 449 1038 Id
470 970 562 1065 quod
583 972 756 1065 inceptum
776 970 817 1036 ab
840 991 879 1036 eo
901 967 995 1035 haud
1015 969 1118 1036 dubie
1169 988 1171 991 ’

76 1077 145 1142 iam
172 1093 222 1143 est
251 1073 389 1168 Olymp.
420 1075 502 1143 CIX
527 1100 556 1142 a.
589 1076 610 1144 3
639 1091 788 1142 exeunte.
837 1071 998 1140 Eiusdem
1026 1076 1118 1151 enim

78 1181 159 1246 anni
180 1179 293 1245 bieme
325 1178 511 1246 orationem
532 1177 575 1245 de
587 1178 747 1247 Cherson.
772 1196 805 1245 et
824 1178 918 1246 brevi
939 1195 1016 1271 post
1028 1176 1115 1243 Phil.

78 1282 140 1349 ΙΙΙ.
162 1283 293 1351 habitas
315 1305 386 1348 esse
406 1280 481 1350 loco
513 1283 667 1374 proxime
687 1280 901 1374 praecedenti
923 1269 1118 1349 monstravi-

77 1410 164 1453 mus.
217 1385 286 1452 Eae
316 1402 428 1453 eutem
447 1409 560 1478 ,quum
588 1386 845 1478 perurebantur,
872 1384 1050 1478 Philippus
1080 1376 1117 1452 in

77 1490 223 1558 Thracia
253 1485 392 1581 quidem
417 1487 528 1557 adhuc
557 1489 763 1571 versabatur,
793 1490 839 1582 ita
867 1508 995 1571 tamen,
1022 1509 1060 1556 ut
1081 1493 1118 1555 in

16 1633 19 1639 ·
77 1594 293 1688 Propontidis
314 1596 466 1688 regiones
487 1595 622 1661 iamiam
632 1595 806 1661 invasurus
826 1592 1006 1661 videretur.
1050 1595 1120 1660 De-

70 1715 154 1767 cem
174 1699 242 1765 iam
265 1699 358 1780 enirn
378 1695 513 1766 meuses
532 1696 709 1790 Philippus
737 1699 775 1763 in
800 1697 942 1765 Thracia
964 1722 1119 1766 consum-

78 1819 206 1897 pserat:
230 1800 447 1871 deCherson.
470 1829 503 1895 p.
515 1825 559 1893 90
570 1819 603 1870 et
613 1805 667 1892 98.
710 1802 820 1898 Priori
831 1819 942 1870 autem
952 1800 1027 1872 loco
1045 1827 1119 1870 ora·
1206 1796 1208 1803 ⁴

79 1925 241 1975 torcum
270 1908 397 1998 magnis
432 1907 558 1976 viribus
589 1903 807 2000 Hellesponto
840 1907 1020 2001 imminere
1052 1908 1120 1974 iem

78 2008 280 2104 Philippum
301 2010 394 2092 dicit,
416 2036 451 2103 p.
467 2010 538 2078 106.
561 2008 604 2077 ad
614 2012 813 2103 Byzantium
835 2012 1118 2105 appropinquare,

77 2139 113 2207 Ρ.
134 2117 188 2205 93.
212 2138 313 2181 novas
336 2139 376 2182 ez
397 2114 570 2181 Thessalia
599 2131 633 2181 et
654 2113 855 2184 Macedonia
877 2116 988 2206 copias
1011 2118 1119 2182 accire

80 2215 366 2300 eumucontendit,
387 2233 426 2284 ut
447 2220 644 2308 exspectatis
673 2219 781 2286 etesiis
809 2221 970 2285 continuo
999 2220 1119 2285 urbem

80 2319 174 2388 illam
201 2319 377 2389 obsidione
405 2318 562 2387 claudere
591 2321 705 2413 possit.
749 2319 943 2411 Eademque
966 2323 1119 2415 Philippi

79 2423 269 2521 molimina
284 2424 408 2517 repetit
440 2425 478 2489 in
500 2440 579 2491 orat.
612 2423 685 2491 adv.
715 2423 865 2517 Philipp.
898 2424 959 2491 ΙΙΙ.
981 2450 1016 2517 p.
1043 2450 1119 2511 ¹2⁰3

80 2531 184 2599 immo
206 2531 265 2596 hio
287 2527 441 2595 adversus
453 2527 629 2620 Byzantios
650 2529 719 2612 iam
740 2551 818 2609 eum
834 2528 1006 2620 proficisci
1028 2529 1120 2598 dicit.

71 2633 134 2702 ὈΙ.
157 2658 228 2727 cap.
250 2632 284 2698 h.
307 2656 360 2698 nr.
387 2633 420 2699 6.
461 2633 576 2722 ⁴Quam
601 2631 748 2701 obrem
777 2634 951 2714 oraton‘iu
979 2651 1121 2726 utraque
1158 2672 1160 2675 ν

80 2740 229 2808 oratione
251 2736 413 2805 acerrime
434 2736 653 2805 Athenienses
676 2738 865 2819 exsuscitat,
895 2742 937 2805 ut
955 2763 1021 2832 qua
1042 2763 1122 2832 pos-

79 2843 150 2912 sint
170 2841 338 2910 celeritate
362 2859 396 2908 et
416 2842 604 2910 intentione
632 2867 723 2910 arma
743 2860 880 2935 parent,
905 2843 1048 2910 Graecas
1072 2847 1122 2911 ci·
1156 2841 1177 2904 f

43 3003 46 3009 .
79 2948 196 3015 vitatas
218 2946 263 3013 ad
281 2945 367 3012 belli
388 2947 578 3014 societatem
588 2964 795 3039 provocent,
794 2949 839 3013 in
854 2970 1025 3038 eumque
1017 2947 1121 3014 finem

79 3048 203 3174 legatos
225 3052 361 3121 mittant
381 3048 424 3116 ad
445 3048 721 3144 Peloponnesios,
751 3048 914 3132 Rhodios,
939 3050 1055 3131 Chios,
1078 3037 1121 3119 ad

79 3157 193 3248 ipsum
221 3156 321 3223 etiam
347 3161 463 3250 regem
483 3155 677 3223 Persarum.
707 3152 795 3221 Phil.
826 3155 891 3236 Ill,
921 3178 956 3247 Ρ.
984 3178 1054 3247 119.
1078 3154 1120 3223 de

81 3260 245 3327 Cherson.
266 3283 302 3354 p.
329 3282 399 3350 ¹09·
1140 3301 1143 3307 -

168 3365 282 3457 ltaque
306 3363 443 3456 Olymp.
466 3362 559 3445 CIX,
581 3363 634 3432 3
623 3379 761 3431 ineunte
782 3385 858 3430 vere
876 3364 1063 3454 Byzantio
1053 3381 1131 3432 mm·

46 3508 51 3516 ·
79 3469 280 3537 imminebat
308 3468 498 3563 Philippus.
549 3466 619 3535 Sed
647 3468 766 3561 ipsius,
782 3467 874 3533 urbis
911 3469 1121 3536 obsidionem
1215 3533 1220 3544 ,

80 3573 275 3665 insequenti
297 3571 434 3639 demum
456 3597 544 3640 anno
567 3589 704 3640 exeunte
720 3573 857 3665 incepit
904 3575 1014 3658 Quam
1028 3577 1120 3639 enim
1195 3629 1200 3635 .
1266 3648 1271 3656 ι

78 3679 118 3746 in
140 3675 366 3770 oppugnanda
393 3675 546 3771 Olyntho
579 3679 763 3747 observavit
790 3679 955 3745 rationem
983 3685 1024 3762 (v.
1048 3672 1143 3767 cap..

79 3782 123 3864 ΙΙ,
151 3786 217 3871 ιο),
242 3780 359 3847 eadem
379 3781 473 3849 nun'c
493 3783 595 3850 etiam
615 3781 817 3849 infirmiores
838 3785 989 3875 primum
1009 3781 1121 3859 urbes,
1190 3854 1193 3871 1

78 3886 239 3978 Byzantio
263 3887 479 3968 consociatas,
498 3885 753 3979 in'potestatem
778 3895 871 3952 suam
892 3883 1044 3974 redigere
1065 3905 1122 3950 co·
1145 3912 1147 3915 ·
1182 3904 1211 3959 χ

69 3983 234 4057 'nabatea
281 3987 423 4083 Olymp.
449 3990 554 4081 igitur
584 3989 666 4058 CIX
693 4015 723 4058 a.
755 3989 789 4077 4.
817 3991 960 4057 'ineunte
989 3983 1124 4072 Selym·

14 4168 16 4173 ἱ
79 4093 188 4160 briam
220 4091 392 4162 obsidione
422 4092 542 4178 cinxit,
574 4093 693 4164 urbem
718 4090 765 4161 ad
792 4090 888 4163 oram
906 4093 960 4193 Pr(
