2594 4672
79 1338 394 1483 Hmanitatem,
408 1375 587 1472 Boackhi,
599 1380 655 1455 vir
670 1380 993 1480 praestantissime,
1010 1403 1121 1481 quam
1182 1398 1185 1404 ·

80 1499 196 1600 vulgo
235 1515 377 1599 gratam
416 1497 518 1573 illam
553 1502 664 1573 animi
697 1516 832 1574 vocant
877 1501 1120 1596 affectionem,

80 1645 181 1724 qnae
207 1622 246 1692 in
272 1619 565 1710 mansuetudine,
591 1623 630 1693 in
656 1623 857 1721 aequitate,
889 1623 928 1692 in
955 1620 1122 1696 dexteri-
1172 1638 1175 1655 ¹

80 1757 167 1835 tate,
192 1744 232 1814 in
256 1739 479 1815 liberalitate
512 1740 673 1841 denique
707 1743 886 1834 cernitur,
912 1743 1004 1816 scite
1029 1740 1123 1816 mihi

79 1863 222 1964 antiqui
235 1845 486 1935 Romanorum
512 1865 724 1962 scriptores»,
741 1863 817 1962 qui
842 1860 970 1937 verbis
996 1861 1121 1962 probe

79 1987 141 2081 usi
176 1999 279 2074 sunt,
314 1981 561 2057 eruditionem
595 1983 705 2056 simul
738 1981 1017 2084 doctrinamque
1042 2009 1121 2057 no-

79 2107 241 2179 minasse
275 2102 467 2198 videntur,
502 2119 544 2177 ut
583 2103 737 2203 paulum
770 2102 884 2177 modo
924 2102 1122 2179 humanior

59 2227 181 2302 :idem
206 2228 259 2298 eis
275 2224 412 2298 valeret
431 2239 468 2298 et
489 2222 643 2299 doctior.
694 2227 871 2300 Nimirum
885 2222 941 2299 illi
954 2249 1031 2299 non
1046 2250 1122 2303 una

74 2327 176 2424 'voce
209 2344 258 2420 ad
291 2345 454 2420 diversas
496 2345 782 2445 significationes
824 2362 966 2421 temere
1006 2345 1122 2439 abuti,

80 2468 152 2543 sed
178 2493 224 2544 eo
251 2465 293 2539 id
317 2468 444 2566 potius
470 2465 679 2566 significare
706 2465 893 2559 volebant,
918 2471 1014 2540 inter
1040 2467 1120 2542 illas
1194 2473 1197 2479 ’

54 2595 249 2680 Χνίτῐιιτεε,
276 2612 374 2688 quae
406 2585 600 2660 hominem
633 2589 744 2661 unice
772 2585 939 2679 deceant,
966 2602 1003 2662 et
1029 2614 1120 2663 eru·

79 2711 259 2786 ditionem
291 2710 513 2781 artissimum
546 2707 730 2783 vinculum
770 2710 968 2801 interesse,
990 2725 1120 2811 utque

79 2848 251 2909 veterum
285 2829 438 2930 quidam
473 2828 584 2922 dixit,
624 2832 689 2932 qui
730 2832 872 2905 sincere
907 2830 1065 2936 litteras,
1081 2843 1120 2904 et

77 2954 200 3029 bonas
227 2968 324 3026 artes
352 2954 505 3052 cupiant
518 2967 782 3052 appetantque,
799 2975 865 3026 eos
890 2951 951 3026 vel
963 2953 1120 3025 maxime
1180 2948 1184 2953 ’

80 3099 166 3153 esse
190 3072 386 3147 humanos.
438 3077 557 3172 Atque
578 3072 648 3145 fuit
665 3070 866 3171 quondam,
893 3097 1010 3173 quum
1026 3073 1119 3172 ipsis

61 3197 144 3272 ·his
169 3198 305 3268 nostris
332 3201 565 3294 antiquarum
597 3193 800 3266 litterarum
832 3191 982 3288 studiis,
1016 3217 1120 3295 quo-

78 3343 168 3394 rum
199 3320 301 3391 'nunc
334 3316 561 3416 philologiae
594 3314 758 3414 amplum
790 3339 928 3389 nomen
955 3317 1121 3389 circum-

79 3439 217 3529 fertur,
258 3435 353 3511 haec
388 3435 571 3538 quaedam
610 3438 761 3536 propria
792 3439 908 3512 virtus
950 3435 1122 3531 dabaturf

29 3568 34 3577 ‘
81 3558 191 3662 quod
226 3562 411 3660 ingenium
447 3575 483 3631 et
517 3582 639 3632 mores
680 3583 771 3656 prae
813 3559 946 3632 ceteris
988 3557 1120 3633 litteris
1199 3613 1203 3618 -

81 3679 250 3781 expolire
285 3697 322 3752 et
353 3678 553 3754 hmnanam
588 3694 753 3751 naturam
788 3681 895 3779 quasi
919 3677 1122 3753 humanio-

82 3828 168 3876 rem
192 3799 351 3875 reddere
387 3800 573 3893 valerent,
606 3801 661 3874 eis
693 3816 736 3872 ut
768 3802 879 3874 unice
915 3816 957 3913 et
987 3801 1123 3874 artium

81 3921 294 3999 liberalium
320 3938 357 3997 et
382 3920 620 3996 humanitatis
655 3919 862 3995 studiorum
888 3946 1026 3994 nomen
1052 3922 1124 3994 tri-

82 4025 277 4119 bueretur.
330 4041 441 4137 Quod
467 4043 552 4117 licet
579 4067 675 4115 nunc
702 4042 751 4116 de
776 4041 851 4116 hoc
878 4040 961 4116 solo
973 4038 1124 4116 studio-
