2594 4672
132 411 293 471 confirmari
317 409 445 487 videtur,
478 412 548 472 helli
570 416 692 497 spatium
713 417 826 477 nonnisi
846 415 1045 478 brevissimum
1068 419 1193 500 fuisse,¹

133 530 162 574 et
182 517 297 596 priores
319 515 379 574 illas
400 538 512 599 pugnas
534 518 665 579 celeriter
692 507 872 597 subsecutam
901 542 962 580 esse
997 520 1106 582 cladem
1132 526 1171 586 ad

91 677 94 680 ,
133 617 336 679 Chaeroneam.
377 619 422 679 Ita
449 621 532 680 etiam
559 612 728 699 Aeschines,
756 645 788 683 ac
810 625 833 683 si
855 623 943 683 semel
965 637 1072 683 tantum
1095 628 1169 687 acies

132 722 266 782 instructa
289 724 338 782 sit:
359 713 657 804 ὑπεραισχυνθέντες
678 721 705 785 δ’
735 721 765 785 οἳ
794 723 827 786 ἓν
856 719 978 804 Θήβαις
1003 720 1188 807 ἀρχοντες,·

131 827 187 902 ait,
215 820 259 906 μὴ
290 819 419 898 δόξωσιν
440 818 483 898 ὥς
504 822 634 907 ἀληθῶς
655 820 731 890 εἶναι
752 823 904 911 προδόται
925 829 988 889 τῶν
1006 821 1169 907 Ἑλλήνων,

129 922 192 990 ἀπὸ
221 925 279 1008 μὲν
299 931 355 1007 τῆς
377 922 499 1011 εἰρήνης
525 926 757 1014 ἀπετράποντο,
791 930 838 994 ἐπὶ
862 928 895 992 δὲ
916 926 974 1010 τὴν
995 925 1169 1012 παράταξιν

130 1028 204 1115 (non
231 1030 278 1093 ἐπὶ
307 1030 340 1092 δὲ
369 1027 518 1117 πόλεμον)
545 1030 703 1114 ὥρμησαν.
741 1031 844 1097 Ἔνθα
873 1029 911 1115 δὴ
934 1032 983 1095 καὶ
1006 1036 1069 1096 τῶν
1090 1031 1169 1116 ἀγα-

128 1137 200 1196 θῶν
221 1130 344 1215 ἀνδρῶν
363 1129 452 1206 ἀξιόν
474 1135 556 1197 ἔστιν
577 1136 804 1219 ἐπιμνησθῆναι
810 1183 821 1215 ,
846 1132 900 1210 oie
922 1125 1013 1209 οὗτος
1040 1133 1170 1200 ἀθάτων

129 1236 180 1308 καλ
202 1233 429 1318 ἀκαλλιερήτων
450 1233 548 1299 άντων
577 1243 640 1302 τῶν
662 1238 734 1323 ἱερά
736 1263 754 1302 ν
775 1237 936 1320 ἐκπέμψας
957 1239 1005 1301 ἐπὶ
1022 1236 1078 1301 τὸν
1090 1237 1170 1323 πρά-

131 1339 227 1420 δηλον
248 1337 389 1401 κίνδυνον
421 1335 579 1421 ἐτόλμησε,
610 1348 676 1415 τοῖς
703 1340 872 1426 Ιδραπέταις
899 1341 1048 1407 ποσλκαλ
1069 1346 1170 1406 λελοι-

130 1437 205 1506 πόσι
231 1438 289 1523 τὴν
317 1438 405 1518 τάξιν
431 1440 551 1524 ἀναβάς
585 1441 632 1507 ἐπὶ
660 1441 715 1507 τὸν
745 1441 846 1529 τάφον
871 1449 934 1508 τῶν
955 1442 1168 1527 τιτιλεοτηκό·

130 1568 202 1624 των,
226 1542 420 1628 ἐγκωμιάζειν
441 1543 499 1630 τὴν
520 1543 790 1632 ἔκελνωνάριτήνι
820 1552 849 1609 in
872 1550 949 1609 Cres.
972 1573 1003 1632 p.
1027 1553 1067 1629 75
1090 1552 1166 1613 med.

216 1655 352 1735 Denique
369 1653 460 1714 verh'o
473 1676 577 1716 moneo
594 1655 674 1713 aliam
687 1656 769 1713 etiam
784 1654 859 1743 fingi
869 1655 1060 1714 coniecturam
1071 1676 1167 1736 posse,

129 1758 154 1818 si
184 1755 292 1816 cladem
322 1757 552 1833 Chaeronensem
584 1756 720 1818 accidisse
745 1771 853 1816 statuas
879 1779 936 1817 non
958 1758 1181 1839 Metagitnione,

128 1882 224 1926 mense
248 1862 296 1922 Ol.
319 1860 393 1939 CX,
428 1865 463 1939 3,
493 1862 531 1921 ad
562 1882 650 1944 quem
672 1882 733 1920 eam
756 1861 855 1921 solus
877 1860 1047 1920 Plutarchus
1068 1860 1167 1939 refert,

127 1963 182 2025 sed
203 1965 404 2047 Thargelione.
448 1963 522 2027 Nam
551 1967 685 2027 archonte
717 1962 886 2025 Chaeronda
916 1984 1012 2024 mense
1034 1963 1166 2047 Tharge-

126 2068 204 2129 lione
225 2071 433 2130 Demosthenes
461 2058 609 2130 decretum
635 2071 702 2130 tulit
732 2069 769 2130 de
792 2065 921 2128 creandis
947 2088 1096 2128 murorum
1117 2089 1166 2128 re·
1191 2149 1195 2159 1
1223 2095 1225 2100 ’

126 2171 315 2232 ficiendorum
336 2174 526 2250 curatoribus,
548 2195 583 2232 ex
605 2195 666 2255 quo
688 2175 751 2255 ipse
782 2186 958 2232 ercatnscst
979 2163 1163 2248 τειχοποιός,

113 2274 285 2335 'secundnm
296 2275 400 2336 Aescln
413 2299 455 2336 or.
477 2278 506 2335 in
519 2276 596 2335 Ctes.
618 2298 648 2357 p.
665 2277 703 2354 57
718 2289 789 2335 extr.
833 2274 1024 2333 ld'emautem
1043 2297 1163 2345 munere

87 2380 89 2385 ’
126 2378 200 2454 hoc,
221 2393 252 2437 ut
277 2384 338 2459 cap.
361 2401 414 2461 sq..
427 2358 660 2461 monstrabimus,
682 2378 796 2439 functus
814 2392 858 2437 est
868 2377 1005 2436 continuo
1017 2391 1085 2458 post
1101 2401 1162 2459 pu·

126 2503 210 2564 gnam
223 2481 461 2542 Chaeronensem.
506 2484 542 2543 Et
553 2483 683 2543 exornari
701 2480 912 2540 haecsententia
924 2479 1038 2561 egregie
1054 2493 1173 2561 posset.-

123 2588 164 2645 At
187 2585 356 2645 Plutarchus
379 2587 615 2669 Metagitnionem
646 2585 727 2644 illum
749 2583 815 2644 Vll.
838 2584 876 2643 ita
897 2583 1098 2661 communivit,
1131 2598 1165 2644 ut

125 2688 164 2749 de
186 2710 284 2748 errore
306 2689 455 2749 commisso
488 2689 566 2749 nulla
585 2689 676 2770 possit
705 2689 815 2748 moveri
840 2688 975 2770 suspicio.
1002 2721 1044 2734 -
1068 2687 1164 2763 Quam

122 2791 164 2852 oh
197 2812 259 2850 rem
293 2794 370 2855 omni
399 2806 538 2875 exparte
568 2794 598 2852 in
618 2813 718 2855 rerum
741 2791 846 2854 ordine
868 2783 969 2875 ¹suprn
1006 2792 1164 2852 constituto

114 2895 364 2981 acquiescendum
385 2917 457 2958 esse·
468 2897 582 2980 opinor.
