2580 4680
518 269 675 378 „uo-

75 430 343 534 Elaphebolione
378 440 484 508 movit
517 438 714 534 Philippus,
749 440 854 509 oratio
885 439 928 506 de
956 439 1118 509 Cherson.

76 545 219 640 Olymp.
244 543 336 624 CIX,
359 544 380 613 3
402 544 712 642 Pyanepsioneaut
725 542 920 612 Gamelione
937 530 1117 614 habitarit.

73 651 151 734 Quo
172 650 212 714 in
234 665 386 741 tempore
407 647 471 714 alia
493 670 629 740 quoque
650 649 810 715 orationis
826 667 1022 741 argumenta
1036 673 1118 717 con·

72 756 212 846 spirant
257 752 393 818 Etenim
421 776 456 844 p.
485 751 530 841 94
563 750 803 820 Demosthenes
833 753 1020 819 auditorum
1043 755 1118 821 ani·

71 881 145 926 mos
167 855 312 924 advetut
333 856 377 922 ad
397 857 579 923 imminens
601 879 675 923 ver:
697 849 748 943 ἆρ’
771 852 863 942 ὁρᾶτε
883 858 933 923 uel
944 860 1116 944 λογίζεσθε,

72 957 99 1028 ὦ
120 961 151 1029 ἃ.
169 961 261 1041 Ἀθη
293 959 352 1045 τὴν
373 962 521 1028 ἐπιοῦσαν
550 960 636 1050 ὥραν
656 965 714 1027 τοῦ
734 959 838 1040 i‘souc,
869 961 913 1038 εἰς
939 959 979 1046 ἢν
999 960 1116 1048 ’ἔρημόν

71 1092 152 1144 τινες
172 1066 292 1132 οἴονται
320 1068 384 1131 δεῖν
405 1063 462 1130 τὸν
478 1061 704 1150 Ἕλλὴᾃιοπον
721 1060 812 1148 ὑμῶν
832 1070 959 1149 ποιῆσαι
979 1068 1030 1131 sul
1051 1092 1115 1132 nu·
1165 1083 1170 1089 ’

72 1175 222 1255 parichrus
246 1169 410 1259 Φιλίππῳ
436 1192 472 1260 p.
499 1170 543 1257 93
565 1191 666 1236 novas
687 1190 728 1233 cx
750 1166 951 1235 Macedonia
972 1168 1116 1235 Thessa·
1140 1157 1154 1187 ⁸

70 1274 186 1368 liaque
207 1272 320 1367 copias
341 1271 451 1339 accire
470 1269 671 1364 Philippum
691 1269 787 1352 dicit,
808 1272 971 1339 nimirum
1002 1291 1040 1348 ut
1060 1274 1115 1341 in·
1163 1294 1171 1313 ‘

70 1380 218 1472 cipiante
239 1399 316 1444 vere
343 1377 503 1445 continno
525 1379 564 1444 in
586 1374 798 1468 Hellesponti
819 1377 971 1468 regiones
1000 1401 1114 1444 move-

70 1502 138 1568 ret,
166 1480 353 1573 eodemque
383 1478 458 1549 loco
487 1497 599 1548 orator
617 1497 765 1562 veretur,
793 1504 838 1548 ne
858 1479 1037 1574 Philippus
1059 1505 1113 1548 er·

71 1589 225 1682 spectatis
253 1585 373 1652 Etesiis
403 1585 602 1676 Byzantium
634 1583 822 1665 invaderet,
857 1607 925 1678 quo
960 1603 1112 1677 tempore

71 1689 330 1759 Atheniensibus
360 1687 550 1781 opitulandi
581 1686 717 1756 facultas
750 1686 844 1755 nulla
878 1706 963 1757 esset
987 1688 1111 1758 futura.

71 1797 195 1864 Etesias
217 1811 329 1861 autem
352 1795 481 1861 oriente
503 1817 584 1861 cane
606 1793 747 1887 spirasse
768 1793 845 1860 satis
867 1811 1005 1861 constat.
1027 1832 1072 1849 ·-

155 1901 235 1966 Post
265 1899 451 1972 orationem
480 1896 524 1964 do
547 1897 708 1966 Cherson.
743 1899 930 1967 orationem
960 1896 1110 1993 Philipp.

70 2005 118 2072 lII
143 2003 326 2095 Dionysius
348 2001 424 2070 Hal.
452 2002 476 2069 l.
505 2026 534 2070 c.
565 2003 748 2072 constituit.
794 2000 892 2069 Illam
912 2002 1112 2071 Demosthe-

67 2133 125 2177 nes
146 2109 264 2175 hahuit
284 2106 327 2174 ad
350 2105 601 2175 defendendum
621 2105 828 2200 Diopithem,
848 2107 1111 2176 Atheniensium

67 2216 105 2280 in
135 2212 345 2282 Chersoneso
365 2228 571 2306 praetorem,
600 2231 718 2283 contra
747 2211 998 2280 criminationes
1028 2213 1110 2280 Phi·

10 2308 21 2328 ⁸
67 2315 162 2412 lippi.
219 2318 250 2382 Is
277 2317 372 2382 enim
397 2313 564 2384 conducto
590 2339 651 2399 sua
677 2333 796 2409 sponte
822 2319 1110 2386 mercenariorum

66 2423 212 2490 exercitu
240 2437 273 2488 et
300 2443 392 2487 mare
412 2418 596 2490 latrociniis
611 2418 792 2488 'infestabat
808 2417 864 2504 (de
887 2417 1050 2488 Cherson.
1072 2446 1107 2514 p

63 2533 130 2619 92),
153 2524 412 2617 incursabatque
435 2524 631 2607 Cardianos,
662 2523 921 2592 Atheniensium
941 2525 979 2592 in
998 2525 1108 2592 Cher-

63 2652 181 2699 soneso
211 2653 250 2696 cr
273 2629 427 2722 pristinis
459 2630 668 2733 temporibus
697 2628 911 2697 adversarios.
961 2629 1022 2698 His
1047 2655 1109 2724 pa·

62 2737 247 2804 trocinium
262 2758 267 2768 ·
282 2731 540 2826 implorantibus
570 2732 750 2829 Philippus
785 2734 899 2828 copias
934 2735 1108 2804 auxiliares

61 2840 153 2908 misit
172 2836 229 2923 (de
250 2837 412 2906 Cherson.
434 2861 468 2932 p.
491 2838 583 2932 stol),
604 2841 785 2934 postquam
806 2837 945 2933 Olymp.
969 2839 1062 2922 CIX,
1084 2865 1105 2908 a

63 2943 335 3025 Atheniensibus,
363 2959 402 3010 ut
423 2941 547 3012 desua
578 2942 786 3013 dissensione
813 2941 887 3036 Iege
915 2968 993 3011 eum
1024 2945 1108 3012 Car·

62 3046 172 3116 dianis
195 3064 341 3138 agerent,
362 3049 530 3117 incassum
551 3065 782 3143 proposuerat.
828 3048 902 3131 Quo
922 3047 1009 3116 facto
1022 3047 1108 3116 Dio·

61 3153 183 3246 pithes,
206 3151 368 3245 Philippo
390 3150 471 3220 inde
493 3176 513 3217 a
534 3175 610 3219 vere
633 3150 774 3245 Olymp.
798 3150 895 3233 CIX,
919 3174 950 3218 s.
972 3152 1011 3219 in
1032 3175 1107 3220 me·
1152 3241 1155 3247 Ι

62 3256 250 3324 ‹literranea
269 3256 415 3325 Thracia
436 3253 565 3323 bellum
592 3273 744 3348 gerente,
774 3257 978 3326 maritimam
998 3257 1107 3326 Thra·

62 3362 131 3428 ciae
153 3379 283 3455 partem
303 3362 425 3430 invasit
452 3378 486 3429 et
508 3359 687 3428 devastavit
717 3360 762 3451 (v.
784 3379 903 3456 argmt.
925 3359 1038 3433 ador.
1062 3361 1105 3431 de

62 3465 238 3550 Cherson.)
260 3465 518 3548 eamnimirum,
540 3488 628 3559 quae
639 3463 792 3560 Philippi
802 3465 888 3534 lacta
901 3485 951 3536 eat
964 3467 1104 3563 Olymp.

62 3569 176 3640 CVIII
206 3596 235 3638 a.
265 3594 295 3636 a.
324 3587 483 3652 exeunte,
514 3566 734 3664 Cersoblepte
762 3569 942 3640 debellato.
994 3576 1104 3659 Quam

60 3675 103 3744 ob
135 3699 210 3743 rem
237 3672 417 3771 Philippus
446 3671 623 3769 epistolam
650 3672 799 3743 Athenas
830 3677 940 3759 misit,
954 3712 956 3717 .
969 3677 1008 3743 iu
1036 3701 1104 3768 qua

60 3798 92 3847 et
114 3778 313 3872 Diopithem
334 3778 519 3862 accusabat,
542 3794 585 3862 et,
606 3776 675 3845 nisi
694 3797 889 3848 coercerent
910 3802 988 3847 eum
999 3779 1105 3848 Athe-

59 3886 207 3967 nienses,
237 3885 274 3950 in
298 3882 544 3953 (Ἆιοηοηοειιω
563 3879 653 3951 selle
679 3905 715 3950 se
736 3882 893 3951 invadere
914 3883 1104 3951 minabatur

60 3987 118 4079 (de
140 3990 302 4058 Chersou.
324 3993 369 4078 93
391 3995 465 4082 sq.).
509 3985 586 4054 Una
616 4004 689 4055 tum
710 3987 968 4056 Atheniensium
989 3986 1102 4068 factio,

59 4110 96 4162 ut
122 4093 302 4188 Diopithes
330 4089 511 4161 conductas
539 4092 823 4162 mercenariorum
852 4093 965 4187 copias
987 4091 1103 4160 dimit·
