2594 4672
534 229 726 380 ,Q
862 308 865 313 Ι

133 440 198 513 εἶπε
218 439 443 529 Καλλισθένης
461 443 634 530 Φαληρεύς.
678 443 769 509 Item.
785 461 820 532 p.
843 441 906 509 253
924 439 1169 509 initio‘decr'eti

130 548 268 641 legitur:
306 545 514 635 Ἀριστόνικος
545 543 720 636 nanterre
752 541 848 612 siner:
881 546 919 610 in
944 543 1014 610 fin'e
1045 545 1169 610 iterum
1227 615 1229 620 ,

129 650 284 719 additur:
307 647 390 721 einer
411 648 620 739 Ἀριστόνικος
647 649 831 739 Φρεάρριος.
875 649 966 714 Haec
993 665 1082 714 certe
1110 646 1168 713 ad-

115 754 312 832 ditamenta
345 778 416 822 non
445 772 585 857 possunt
621 777 661 820 ex
694 742 904 845 autographis
932 753 1167 846 Demosthenis

125 859 289 952 profecta
318 880 405 948 esse3
447 883 559 954 neque
594 828 721 939 videas,
761 859 896 924 cuinam
939 858 1015 923 usui
1053 855 1165 923 addita

109 969 242 1058 “postea
273 990 291 1030 a
319 964 469 1030 librariis
496 962 632 1030 fuerint.
685 959 754 1029 Sed
783 961 919 1027 locum
928 959 1050 1027 hahere
1072 976 1168 1052 pote-

128 1087 205 1136 rant
237 1071 286 1136 inv
303 1066 465 1135 tabulario
489 1064 635 1158 publico,
657 1083 695 1131 ut
714 1064 802 1130 infra
822 1067 1091 1158 monstrabimus,
1114 1066 1168 1129 in-
1210 1100 1250 1118 »-

128 1174 239 1266 deque
272 1173 338 1238 alio
369 1170 508 1238 traduci.
554 1171 594 1235 In
622 1166 695 1234 aliis
725 1186 856 1236 contra·
870 1171 1000 1257 miraris
1035 1186 1168 1260 rogato-

127 1302 200 1345 rem
229 1264 367 1344 omnino
397 1273 525 1356 deesse,
552 1291 590 1340 ut
615 1273 653 1338 in
684 1272 908 1366 psephismate
942 1272 983 1339 de
1013 1270 1166 1341 absoluto

128 1383 166 1447 in
187 1387 293 1468 γραφῇ
315 1379 506 1466 παρανόμων
523 1378 752 1444 'Demosthene
781 1403 815 1468 p.
840 1377 914 1456 261,
928 1395 971 1443 »et
991 1377 1029 1441 in
1052 1363 1180 1442 decre-¹

128 1487 170 1552 tis
202 1483 332 1551 duobus
358 1507 396 1575 p:
428 1468 496 1550 '282
523 1480 565 1547 de
591 1481 735 1547 induciis
765 1505 784 1545 a
811 1478 968 1571 Philippo
998 1479 1165 1569 rogandis.

127 1591 174 1654 At
208 1611 248 1653 ex
280 1587 333 1653 his
360 1587 516 1682 primum
541 1609 610 1657 non
636 1586 763 1679 rogatio
794 1602 858 1676 est,
887 1583 946 1649 sed
975 1583 1093 1651 relatio
1122 1584 1166 1649 ad

126 1690 302 1785 populum,
327 1714 363 1756 ex
383 1687 522 1783 reliquis
544 1687 674 1756 duobus
697 1687 836 1755 alterum
857 1693 974 1770 βουλῆς
994 1690 1045 1754 καὶ
1066 1711 1166 1775 oton-

126 1802 230 1883 τηρῶν
250 1795 367 1884 γνώμῃ,
392 1791 546 1860 alterum
561 1793 759 1881 πολεμάρχου
785 1791 892 1880 γνώμῃ
914 1792 1164 1882 conscriptum,
1201 1829 1204 1877 3
1275 1802 1277 1806 '

126 1900 192 1966 hoc
218 1892 317 1988 igitur
352 1897 394 1965 ab
421 1896 504 1992 ipso
524 1895 615 1964 haud
643 1888 746 1963 dubie
772 1895 1005 1989 polemarcho:
1038 1899 1076 1961 in
1104 1893 1164 1969 illo

127 2004 270 2070 auctoris
298 2025 422 2070 nomen
455 2019 634 2095 propterea
665 1995 736 2070 non
757 1999 910 2068 additum
930 1999 1048 2083 fuerit,
1071 1999 1165 2094 quod

125 2130 197 2173 non
219 2125 371 2200 rogatum
393 2109 445 2186 sit,
468 2106 527 2172 sed
542 2123 673 2171 senatus
687 2123 948 2198 praetorumque
959 2108 1050 2173 iussu
1062 2124 1095 2174 et
1106 2132 1164 2182 au·

98 2285 105 2289 ,
125 2211 274 2278 ctoritate
285 2210 326 2275 ab
339 2212 413 2302 ipso
424 2209 559 2275 fortasse
572 2208 680 2274 scriba
689 2214 819 2274 senatus
831 2213 1079 2303 conscriptum.'
1097 2213 1165 2277 Ve-
1242 2300 1244 2307 Α

124 2315 372 2381 rumenimvero
401 2312 543 2379 certiora
563 2311 673 2376 etiam
696 2313 892 2379 recentioris
920 2322 1045 2398 manus,
1062 2317 1163 2382 vesti-

88 2499 91 2503 ,
127 2420 198 2512 gia,
230 2443 249 2483 a
271 2441 344 2514 qua*
367 2414 507 2484 collecta
528 2413 617 2481 haec
637 2433 854 2515 monumenta
874 2418 953 2502 ¹ain-t,
975 2417 1012 2501 in
1035 2419 1082 2483 eis
1105 2443 1163 2511 ap-

122 2539 280 2614 pareant,
312 2542 400 2612 ,quae
437 2522 554 2588 contra
585 2520 722 2587 oratoris
755 2537 903 2586 mentem
935 2523 1073 2602 omissa,
1107 2542 1164 2590 aut

126 2625 297 2693 decurtata
319 2623 559 2718 deprehendas.
592 2624 716 2716 Atque
737 2623 900 2708 eiusmodi
916 2649 985 2693 non
1000 2623 1064 2694 hoc
1087 2631 1163 2719 qni-

127 2730 205 2797 dem
228 2753 297 2796 esse
318 2728 442 2810 iudico,
467 2727 558 2821 quod
581 2751 614 2820 p.
638 2729 704 2815 264
733 2747 851 2801 orator*
871 2734 1162 2822 qn'atuor'memo-

125 2851 195 2916 rat,
229 2835 302 2926 qui,
333 2835 511 2926 sicutipse
534 2858 553 2898 a
576 2828 811 2925 Ctesiphonte,
840 2838 990 2904 coronati
1012 2837 1079 2904 sint
1099 2859 1161 2930 pro

104 2938 299 3005 ·benefieiis
328 2940 366 3003 in
387 2962 459 3004 rem
481 2936 653 3030 puh‘li'cam
674 2937 811 3031 sparsis:
841 2940 1047 3021 Nausiclem,
1080 2945 1162 3008 Di0-.

126 3045 246 3110 timum
275 3058 308 3107 et
338 3040 592 3119 Charidemum,
617 3042 769 3140 denique
793 3042 1067 3135 Neoptolemum,
1091 3060 1162 3112 tum'

91 3154 97 3176 ¹
124 3148 259 3213 recitari
286 3145 380 3211 iubet
408 3145 559 3226 decreta,
590 3169 675 3235 quae
704 3147 740 3211 in
768 3170 882 3213 eorum
911 3148 1074 3218 honorem
1095 3151 1162 3217 lata

125 3252 221 3335 sint,
232 3271 378 3342 quornm
401 3268 511 3316 tamen
532 3250 667 3316 nonnisi
683 3247 737 3315 de
758 3251 912 3318 Nausicle
933 3277 1056 3335 unum,
1080 3254 1161 3322 alte-

124 3376 201 3419 rum
231 3354 285 3419 de
305 3352 507 3421 Charidemo
531 3335 747 3445 Diotimoque
766 3356 918 3439 affertur,
951 3356 1007 3424 de
1015 3360 1163 3453 Neopto-

124 3455 214 3525 lemo
236 3450 375 3524 nullum
393 3475 505 3525 exstat.
553 3455 689 3523 Scilicet
711 3459 773 3529 hoc
796 3461 861 3524 ab
852 3484 924 3553 ipso
936 3461 1160 3532 Demosthene
1227 3466 1230 3471 ⁴

124 3582 194 3626 non
216 3564 391 3628 recitatum
413 3563 596 3642 contendo,
631 3560 722 3654 quod
745 3562 1024 3696 Nepptulemue
1014 3593 1085 3660 rpse
1107 3573 1161 3636 in-

126 3682 177 3731 ter
198 3665 366 3733 auditores
389 3668 563 3734 assidebat:
587 3663 647 3733 εἷθ’
613 3665 808 3735 &circui
831 3672 1058 3757 Νεοπτόλεμος,
1081 3683 1160 3741 πολ-

124 3770 229 3834 haist
209 3794 306 3854 ιργιον
337 3771 550 3856 ἐπιστάτης
525 3797 583 3852 ων,
619 3772 666 3858 tp
694 3769 741 3849 οἷς
768 3772 898 3842 ἐπέδωκε
924 3779 1084 3863 τετίμηται
1113 3788 1158 3870 (p

124 3873 213 3961 264).
266 3874 487 3941 Verisimilius
518 3876 635 3943 omissa
665 3877 824 3967 quaedam
859 3877 991 3946 decreta
1020 3879 1160 3951 dixerim

124 4001 158 4068 p.
184 3981 256 4059 250,
274 4001 348 4070 quo,
367 3976 442 4050 locu
465 3979 705 4047 Demosthenes
733 3980 866 4051 disserit
896 3983 939 4048 de
964 3974 1161 4076 pace'navi·

123 4082 256 4177 giorum
278 4099 377 4175 raptu
399 4081 514 4150 soluta.
560 4084 694 4151 Etenim
720 4102 831 4154 orator
857 4090 991 4168 'recitari
1010 4093 1160 4183 primum
1242 4168 1245 4174 ,
