2594 4672
630 268 694 336 300

585 357 739 373 *nunt—-

144 432 368 529 Megarenses
391 436 500 504 hostes
539 437 646 504 etiam.
676 452 747 503 tum
783 425 1042 503 Atheniensium
1079 458 1184 522 erant,

143 558 201 608 aut
222 557 310 608 carte
332 539 375 606 ad
396 539 531 607 hostilia
559 544 664 634 magis,
690 562 792 633 qnam
818 540 861 609 ad
891 543 1074 609 amicitiam
1105 568 1185 635 pro·

145 644 260 727 olives,
288 646 385 711 sicuti
413 645 568 712 Thebani
598 662 631 711 et
660 645 886 726 Euhoeenses,
922 671 1029 738 quum
1058 647 1185 717 Demo·
1220 662 1223 671 '

143 749 274 816 sthenes
308 744 351 816 ad
378 750 430 837 rei
451 749 607 840 publicae
638 747 959 816 administrationem
981 749 1185 843 adspirabat,

143 853 326 921 secundnm
355 877 403 920 or.
432 852 475 919 de
506 877 571 921 cor.
601 878 636 944 p.
660 854 740 934 306,
770 853 834 920 hoc
862 872 911 921 est
939 855 996 921 Ol.
1027 855 1108 923 CVI
1130 859 1187 923 in-

143 977 258 1040 eunte,
286 983 354 1053 quo
380 975 532 1051 tempore
559 954 689 1023 bellum
722 972 885 1025 exarserat
908 977 991 1027 oum
1020 958 1184 1056 Philippo

142 1063 474 1157 Amphipolitanum,
508 1062 769 1156 certandumque
795 1081 967 1156 praeterea
1004 1082 1074 1132 erat
1109 1091 1185 1135 cum

144 1169 296 1262 Olyntho
323 1172 368 1256 (v.
400 1193 424 1234 s.
455 1192 482 1235 c.
507 1168 555 1248 ll,
590 1190 638 1234 ro.
660 1193 694 1260 p.
717 1168 789 1251 66),
823 1171 983 1235 acerrime
1004 1193 1083 1237 vero
1107 1195 1187 1238 curn

144 1274 255 1353 Chiis,
285 1269 440 1352 Rhodiis,
469 1273 652 1363 Byzantiis,
680 1271 808 1356 iisdem,
832 1295 922 1366 ,quos
952 1272 1010 1340 Ol.
1035 1273 1131 1357 CVI,
1168 1300 1178 1340 ι

142 1380 311 1459 imbrum,
334 1378 500 1443 Lemnum
522 1374 669 1470 aliasque
692 1376 949 1444 Atheniensium
976 1377 1103 1446 insulas
1127 1377 1185 1445 de-

142 1501 281 1550 vastasse
309 1480 479 1550 Diodorus
516 1480 618 1546 refert
653 1481 769 1566 (XVI,
802 1487 869 1568 21).
923 1482 1014 1566 Quid
1055 1484 1184 1550 multa?

140 1588 353 1659 Tumetiam
373 1583 553 1662 verisimile
583 1602 631 1651 est
656 1585 882 1674 Megarenses,
910 1605 1048 1678 angusta
1080 1588 1185 1655 Athe-

142 1716 261 1758 natum
284 1688 477 1757 conditione
500 1711 586 1770 usos,
610 1688 831 1769 Salaminem,
854 1690 1032 1782 pristinam
1054 1691 1183 1760 discor-

142 1794 217 1861 diae
243 1794 455 1887 invidiaeque
478 1793 660 1873 materiam,
679 1794 900 1884 impugnasse.
947 1793 1047 1878 Quod
1074 1796 1102 1862 si
1134 1798 1181 1865 ita

143 1917 206 1979 est,
228 1899 310 1965 haec
340 1895 382 1962 de
414 1896 553 1964 decretis
584 1894 653 1962 illis
681 1896 861 1986 probabilis
890 1901 1055 1967 sententia
1082 1904 1179 1968 statui

139 2003 272 2093 poterit.
803 2061 805 2064 .
886 2061 888 2065 .
920 2027 924 2038 ·
1029 2031 1031 2034 >

231 2102 288 2171 Ol.
313 2104 401 2184 CVI,
429 2129 440 2170 1
468 2103 597 2172 socialis
620 2105 702 2171 belli
725 2130 812 2173 anno
836 2106 993 2189 secundo,
1017 2109 1172 2202 Byzantii,

144 2209 222 2277 Chii
253 2225 286 2275 et
317 2207 455 2274 Rhodii'
469 2210 620 2278 Imbrum
648 2228 680 2276 et
702 2212 866 2277 Lemnum
895 2211 1085 2295 devastant,
1117 2212 1175 2280 Sa·

93 2322 107 2388 .'
140 2337 234 2379 mum
269 2311 465 2388 adoriuntur
487 2332 520 2380 et
549 2333 636 2380 terra
663 2317 814 2407 marique
838 2335 1049 2408 oppugnant,
1084 2316 1180 2383 alias-

141 2443 206 2510 que
235 2417 489 2497 Atheniensium
520 2417 643 2485 insulas
675 2419 932 2512 depopulantur.
986 2418 1128 2487 Diodor.
1158 2420 1180 2485 l.

142 2547 170 2588 o.
218 2525 325 2606 Quam
349 2522 392 2589 ob
414 2547 487 2587 rem
508 2522 725 2589 Athenienses
756 2522 798 2588 ad
828 2524 931 2589 Imbri
958 2523 1106 2606 insulae,
1128 2527 1181 2591 in-

141 2626 250 2718 deque
264 2625 403 2690 aliarum
424 2626 477 2690 his
498 2627 534 2690 in
555 2627 747 2719 regionibus
773 2630 1017 2719 possessionum
1044 2653 1178 2695 suarum

141 2728 324 2796 custodiam
346 2728 605 2810 Nausiclem,
627 2727 725 2817 illius
746 2733 824 2795 anni
848 2731 1055 2799 ordinarium
1079 2733 1182 2824 pede-

142 2834 217 2900 stris
252 2834 411 2898 exercitus
441 2833 677 2925 imperatorem
715 2835 784 2923 (τὸν
806 2838 853 2902 ἐπὶ
875 2843 939 2902 τῶν
966 2836 1083 2921 dulor)
1104 2841 1181 2905 mit·

141 2956 216 3009 tunt
244 2962 321 3004 cum
348 2937 401 3002 bis
432 2936 525 3002 mille
553 2936 714 3027 hoplitis.1
756 2937 862 3004 Simul
890 2940 1012 3005 novam
1041 2940 1178 3008 classem

141 3045 312 3109 instruunt
333 3041 473 3108 ducibus
497 3041 720 3109 celeberrimis
744 3043 908 3132 Iphicrate
931 3044 1178 3138 Timotheoque

141 3149 200 3237 qui
238 3144 490 3238 Hellespontum
524 3147 679 3237 navigant
710 3164 745 3216 ,et
778 3171 853 3212 cum
883 3146 1041 3228 Charete,
1076 3174 1180 3242 penes

141 3275 242 3342 quem
273 3274 309 3315 ex
347 3251 512 3342 superiori
548 3274 634 3317 anno
673 3275 840 3316 summum
875 3248 962 3316 belli·
994 3253 1178 3345 imperinm

72 3352 74 3357 ⁸
140 3371 227 3435 crat,
260 3355 455 3446 Byzantium
491 3351 682 3422 adoriantur
716 3371 747 3420 et
783 3353 963 3421 obsideant.
1025 3357 1177 3427 Exeunte

140 3481 238 3538 anno,
262 3482 366 3549 quum
389 3457 487 3523 Philo
510 3455 527 3523 d
550 3461 598 3524 ἐπὶ
620 3465 676 3544 τῆς
703 3460 879 3539 διοικήσεως
904 3486 1180 3550 κεχειροτονη-

59 3558 60 3562 ’
139 3556 292 3648 adrev)
313 3555 453 3665 propter
473 3579 681 3669 tempestates
710 3563 856 3653 (sortasse
879 3564 1023 3647 Etesias,
1047 3569 1178 3643 oriente

140 3769 450 3787 m

183 3893 210 3982 ⁴)
232 3898 337 3960 Addita
359 3921 432 3960 voce
454 3919 560 3982 κιχειρ.
591 3900 709 3967 iudicari
737 3904 803 3961 milri
826 3903 940 3965 videtur
961 3920 1078 3987 praetor
1101 3927 1182 3965 aera-

226 3988 260 4045 rii
283 4010 384 4064 novus,
406 3988 578 4068 nuperrimo,
598 3987 627 4044 h.
651 4009 676 4046 c.
699 4005 1037 4051 ezcuutcannocreatus.
1085 3994 1181 4069 Quam

227 4073 265 4132 ab
287 4095 348 4133 rem
370 4073 453 4134 simul
475 4094 540 4136 cum
560 4072 681 4134 Philone
704 4075 753 4137 illo
768 4071 771 4077 ’
784 4081 874 4138 creati*
891 4081 975 4141 etiam
997 4080 1052 4139 sint
1076 4080 1180 4142 Chari-
