2594 4672
562 286 718 389 Q

122 472 188 538 set,
222 453 281 550 diu
313 451 556 543 dissimulatum
585 451 712 520 bellum
739 451 998 520 Atheniensibus
1025 454 1097 546 ipsa
1124 455 1162 520 in

124 560 266 626 Graecia
279 556 447 631 instulisse
458 582 545 638 eum,
569 558 713 626 Iustinus
723 573 838 622 narrat
850 557 898 622 lX
910 580 938 622 c.
952 581 971 623 a
986 574 1020 624 et
1029 559 1061 639 3,
1084 583 1164 627 cum

123 688 191 756 quo
214 662 380 731 consentit
393 661 696 742 etiamAeschines,
718 661 756 727 in
771 658 907 755 Scythia
927 661 1071 729 abfuisse
1083 661 1164 730 Phi-

90 839 93 846 ,
121 768 257 862 lippum
279 764 404 848 dicens,
427 791 533 859 quum
552 763 680 832 bellum
700 764 941 858 Amphissense
961 767 999 833 in
1021 766 1165 835 Graecia

123 875 329 954 excitaretur,
351 895 399 938 or.
422 872 458 937 in
474 868 561 937 Ctes.
583 895 618 962 p.
638 892 687 963 pt
704 867 740 952 i,
763 867 902 963 Olymp.
927 869 991 936 CX
1011 895 1041 937 a.
1067 894 1079 939 1
1108 895 1165 938 ex·

123 993 232 1045 etmte.
287 975 384 1042 Idem
410 978 579 1041 reversum
614 997 654 1038 ex
682 971 817 1064 Scythia
843 973 1042 1068 Philippum
1070 974 1164 1058 dicit,

123 1105 230 1172 quum
259 1078 344 1145 belli
371 1075 525 1144 adversus
555 1078 809 1169 Amphissenses
838 1079 1034 1170 nuperrime
1056 1079 1164 1149 exorti

124 1185 166 1250 ab
187 1181 491 1275 Amphictyonibus
514 1183 696 1274 imperator
725 1199 850 1248 creatus
881 1185 924 1249 sit
953 1182 977 1248 l.
1000 1207 1028 1250 c.
1053 1207 1094 1274 72
1116 1185 1168 1250 in.¹

125 1284 228 1369 Quod
250 1310 367 1376 quum,
388 1303 426 1351 ut
447 1286 557 1352 statim
579 1283 789 1368 docebimus,
811 1285 937 1353 factum
958 1286 1164 1382 sit,Olymp.

126 1391 200 1471 CX,
223 1413 243 1456 2
267 1389 528 1480 Metagitnioue,
550 1412 698 1455 reversus
720 1390 757 1454 iu
779 1388 1014 1459 Macedoniam
1035 1389 1168 1486 Philip-

123 1518 189 1588 pus
218 1495 264 1561 sit
291 1486 548 1560 eiudem‘anni
579 1491 884 1574 Hecatombaeone,
918 1495 1027 1586 ipsam
1051 1511 1168 1562 tamen

126 1597 369 1692 expeditionem
394 1600 506 1691 primo
533 1594 765 1691 praecedentis
793 1600 875 1664 anni
895 1622 973 1665 vere
994 1596 1170 1692 solutaque

125 1721 199 1771 tum
233 1703 332 1770 etiam
362 1703 515 1796 Byzantii
546 1699 721 1770 obsidione
743 1704 936 1795 susceperit.
985 1702 1167 1795 Expeditio

127 1810 219 1874 enim
249 1826 282 1874 et
311 1806 495 1900 longinqua
520 1824 607 1889 erat,
640 1831 704 1873 nec
732 1808 842 1898 potuit
863 1804 945 1874 adeo
967 1807 1061 1874 brevi
1083 1824 1168 1874 tem-

123 1936 207 2007 pore
229 1911 364 2011 absolvi.
409 1911 495 1978 Nam
522 1911 646 1995 Atheas
676 1909 878 2002 Scytharum
907 1935 967 1977 rex
991 1906 1055 1978 fuit
1076 1922 1167 1978 trans'

124 2018 292 2084 Haemum
313 2035 463 2100 montem
486 2014 528 2083 ad
547 2017 693 2083 Pontum
705 2016 876 2082 Euxinum
893 2014 1167 2101 habitantium*);

124 2123 169 2189 ad
182 2111 326 2214 eumque
342 2123 553 2213 praemisisse
568 2120 768 2212 Philippum
784 2119 908 2217 legatos
927 2120 1072 2188 Iustinus
1089 2144 1169 2187 nar-

123 2245 177 2293 rat
189 2228 265 2316 (IX,
290 2232 322 2310 2)
344 2226 569 2304 nunciaturos,
591 2224 717 2292 vovisse
736 2247 770 2297 se
783 2241 924 2289 statuam
939 2223 1103 2308 Herculis,
1124 2223 1168 2290 ad

125 2333 230 2423 quam
251 2332 290 2396 in
312 2330 396 2396 ostio
419 2329 493 2392 Istri
516 2326 709 2419 ponendam
731 2350 801 2392 sese
823 2328 947 2393 venire.

213 2435 330 2527 ltaque
343 2433 434 2512 dum,
457 2432 564 2498 soluta
585 2431 735 2522 Byzantii
749 2427 922 2497 obsidione
944 2431 1054 2522 primo
1076 2428 1169 2499 haud

85 2580 91 2589 ·
124 2537 226 2605 dubie
248 2563 324 2606 vere
348 2537 486 2630 Olymp.
511 2537 586 2617 CX,
612 2560 645 2616 1,
674 2537 711 2601 iu
734 2533 872 2627 Scythia
893 2533 1074 2629 Philippus
1095 2559 1171 2605 ver-

124 2643 274 2726 sabatur,
309 2665 377 2738 quo
412 2641 585 2708 recessisse
621 2664 661 2707 eo
695 2636 828 2706 videtur
858 2637 1017 2722 consilio,
1051 2656 1090 2707 ut
1117 2663 1171 2704 ex-

124 2751 295 2816 suscitatus
328 2771 390 2840 per
411 2736 609 2842 Byzantium
636 2746 800 2836 impetum
830 2744 990 2811 Graeciae
1023 2743 1169 2811 civitates

124 2877 238 2920 rursus
259 2866 371 2951 posset
393 2851 580 2943 consopire,
602 2871 705 2917 novae
728 2850 766 2914 in
789 2847 965 2914 Graeciam
977 2849 1170 2941 impressio*

124 2959 179 3023 nis
207 2956 397 3024 facultatem
426 2954 553 3021 bellum
589 2955 621 3019 ei
654 2977 786 3049 sacrum
823 2954 975 3046 parabat,
1015 2954 1056 3017 ab
1086 2953 1170 3018 Am-

124 3061 364 3157 phictyonibus
387 3056 504 3128 denuo
526 3060 720 3151 excitatum,
749 3056 871 3149 quibus
894 3075 1008 3122 auctor
1029 3054 1171 3121 Aeschi-

124 3189 186 3233 nes
208 3166 290 3247 fuit,
313 3189 332 3230 a
354 3161 511 3256 Philippo
536 3187 614 3229 eum
635 3164 672 3228 in
701 3161 806 3227 finem
828 3160 1013 3227 conductus
1036 3184 1077 3226 ex
1098 3160 1170 3226 Dea

124 3271 321 3340 mosthenis'
334 3269 574 3363 criminatione,
597 3278 664 3360 'qua
687 3264 820 3352 abluere
842 3266 914 3357 ipse
937 3287 1007 3331 sese
1028 3263 1170 3332 Aeschi:

124 3399 187 3443 nes
209 3362 256 3445 or.
280 3376 318 3441 in
340 3374 429 3442 Ctes.
450 3398 485 3466 p.
504 3380 562 3464 po,
585 3393 789 3465 quamquam
812 3370 974 3462 ambiguis
991 3392 1173 3461 argumen-·

126 3574 441 3592 Μ

213 3687 547 3854 γότα4[Φίλιππον]>,
579 3684 615 3753 τὸ
639 3652 745 3762 ordior
777 3683 1016 3773 πεπηρωμένον,
1046 3662 1085 3749 de
1107 3707 1170 3749 cor.

212 3806 245 3866 p.
268 3803 285 3843 2
311 3805 341 3863 7.

170 3917 197 4008 ¹¹)
219 3923 297 3982 Eum
328 3933 410 3978 antea
438 3918 518 3979 hello
551 3939 617 3978 cum
649 3917 830 3978 Istrianis
861 3935 993 3999 pressum
1025 3883 1129 3975 auxilia
1152 3933 1173 3975 a

215 4009 356 4092 Philippo
382 4027 438 4089 per
469 4004 771 4088 Apolloniensas
797 4005 905 4088 petisse
936 4001 1061 4064 lustinus

213 4094 351 4174 rua
543 4125 550 4142 „
858 4141 862 4149 .
1110 4110 1130 4173 ,-
