2594 4672
512 273 667 383 .„⁶.⁷...

64 445 150 513 buit.
204 443 419 534 Receperant·
441 445 532 512 enim
562 443 718 537 Olynthii
748 467 811 537 per
838 445 1112 528 misericordiam,

65 567 144 644 post
167 545 301 619 eaedem
324 548 441 630 unius,
472 548 555 617 duos
578 550 694 616 Irhtres
718 552 803 631 eius,
833 558 916 641 q'uos
940 551 1113 643 Philippus

66 668 103 731 ex
126 674 268 719 noverca
291 653 440 742 genitos,
468 652 571 721 veluti
602 656 790 746 participes¹
805 657 900 740 regni
923 655 1112 723 interficere

66 759 237 852 gestiebat.
284 757 395 827 ,Verba
418 757 496 823 sunt
518 759 636 824 Iustini
659 758 776 847 (VIII,
799 759 845 844 3),
866 761 1038 850 scriptoris
1062 785 1115 825 ex-

66 863 194 956 quisita
224 859 370 951 quadam
398 864 555 929 orationis
581 861 791 929 'vehementia
818 861 977 954 Philippo
1011 863 1115 929 male

64 966 238 1036 dicentis'
278 963 352 1036 Tali
386 989 464 1056 ergo
501 985 671 1058 praetextu
709 957 903 1057 Olynthum·
938 965 1113 1060 Philippus

65 1068 279 1166 aggreditur,
306 1067 461 1136 adversus
491 1073 692 1138 consociatas
722 1073 752 1135 ei
783 1071 881 1145 urbes
906 1068 1113 1138 Chalcidicas

63 1179 220 1270 primum
245 1197 341 1239 arma
372 1197 517 1240 movens.
563 1174 627 1240 Hic
651 1173 808 1266 Olynthii
829 1172 978 1264 periculo
1002 1177 1114 1240 immi·
1148 1178 1156 1185 ”

63 1277 306 1347 nente,.adaoti
338 1274 380 1343 ad
410 1278 629 1344 Athenienses
664 1279 788 1369 legatos
824 1281 977 1360 mittunt,
1009 1298 1112 1371 utque

63 1380 311 1453 foederatam
335 1405 433 1473 opem
456 1382 519 1449 sibi
541 1382 664 1463 ferant,
693 1382 884 1475 implorant.
928 1383 1113 1448 Athenien-

63 1512 117 1557 ses
146 1484 261 1570 foedus
289 1486 424 1570 ineunt,
452 1505 485 1554 et
511 1503 561 1552 ter
591 1485 832 1578 Olynthiorum
859 1488 1006 1578 repetitis
1034 1512 1113 1579 pre-

66 1593 180 1676 cibus,
210 1589 437 1657 Demosthene
466 1592 501 1655 in
529 1593 647 1684 primis
671 1608 819 1670 auctore,
849 1581 996 1682 qui'hao
1019 1616 1111 1659 occa-

66 1697 160 1765 sione
188 1713 255 1761 tres
282 1719 357 1761 snas
380 1697 544 1764 orationes
569 1694 785 1794 Olynthiacas
807 1696 938 1775 hahuit,
969 1713 1020 1760 ter
1042 1720 1109 1762 nno

66 1798 298 1869 annoclasses
320 1801 449 1894 magnis
464 1824 541 1867 cum
562 1802 668 1891 copiis
690 1801 727 1865 in
745 1798 942 1866 Chalcidem
964 1802 1111 1880 mittunt,

62 1928 211 1999 quarum
232 1905 363 1996 primae
383 1902 570 1984 Charetem,
593 1903 756 1970 secundae
771 1903 1021 1984 Charidemum,
1046 1923 1112 1977 ter-

62 2012 132 2079 tiae
154 2032 270 2093 rursus
293 2007 471 2074 Charetem
497 2009 707 2101 praeficiunt.
760 2009 814 2076 V..
834 2007 1025 2075 Philochor.
1057 2034 1110 2099 ap.

63 2111 307 2206 Dionyse-Hal.
331 2136 383 2204 ep.
408 2110 450 2178 ad
471 2114 581 2179 Amm.
613 2139 641 2180 c.
668 2137 700 2204 9.
724 2114 820 2179 Dem.
843 2142 876 2181 π.
906 2138 1046 2198 anenno.
1075 2137 1110 2203 p.

62 2217 146 2304 426·
189 2216 259 2287 Sed
279 2219 441 2309 pravitate
464 2220 704 2308 imperatorum
726 2218 850 2285 factum
873 2235 932 2298 est,
955 2234 993 2283 ut
1015 2240 1111 2308 expe-

67 2318 215 2389 ditiones
233 2320 479 2414 lttte·pe1·niciei
506 2325 609 2412 magis
638 2320 809 2413 Olynthiis
837 2321 977 2400 fuerint,
1009 2345 1111 2411 quam

63 2422 192 2495 saluti·
223 2413 430 2518 Theopomp.
454 2451 506 2518 ap.
529 2428 652 2493 Athen.
678 2426 754 2507 XII,
778 2452 811 2518 p.
837 2427 910 2493 532.
935 2425 973 2491 C.
998 2425 1041 2488 D.
1069 2425 1110 2502 X,

60 2557 100 2624 p.
124 2520 210 2614 436
224 2528 267 2597 C.-
283 2530 402 2623 Itaque
424 2555 492 2598 uno
515 2555 602 2599 anuo
625 2529 777 2598 nondum
798 2529 909 2620 elapso
932 2546 1032 2621 postq
1057 2551 1111 2593 am

60 2631 269 2728 proditionis.
287 2657 353 2728 ope
376 2658 490 2702 omnes
504 2635 722 2704 ‘Chalcidicas
752 2635 851 2701 urbes
874 2636 911 2701 in
933 2552 1110 2723 suamlpo-

62 2750 227 2806 testatem
247 2739 421 2831 redegerat
448 2739 639 2832 Philippus,
672 2742 865 2832 principem
892 2740 959 2804 iam
992 2738 1110 2802 urbem
1135 2781 1137 2787 ,

65 2840 256 2935 Olynthum
278 2868 448 2935 aggressus
471 2844 644 2912 obsidione
667 2845 793 2911 clausit.
839 2841 1009 2908 Demosth.
1033 2839 1056 2907 l.
1081 2865 1108 2906 c.

63 2944 168 3014 Diod.
192 2946 226 3014 S.
251 2948 350 3029 XVI,
383 2951 434 3017 53.
479 2950 532 3013 Ab
557 2947 726 3040 Olynthiis
751 2947 873 3014 deinde
895 2945 1025 3012 fortiter
1045 2968 1108 3035 pro

62 3049 338 3119 salute-extrema
349 3071 535 3146 pugnatum
551 3068 607 3116 est.
655 3052 781 3117 Verum
794 3051 984 3127 Lasthenes,
1007 3048 1107 3114 homo

62 3156 102 3222 in
126 3153 320 3248 republica
342 3156 487 3246 gerenda
508 3158 681 3249 princeps,
710 3153 834 3245 diuque
863 3156 929 3218 iam
958 3150 1108 3244 Philippi

62 3258 250 3327 commodis
273 3258 424 3326 addictus
455 3260 613 3326 eductum
641 3257 794 3324 adversus
823 3257 951 3322 hostem
979 3259 1110 3348 equita-

61 3379 154 3443 tum,
184 3363 221 3427 in
245 3385 312 3455 quo
341 3387 470 3429 summa
502 3367 548 3431 vis
579 3363 821 3454 Olynthiorum
848 3360 971 3426 bellica
1001 3361 1108 3453 posita

56 3462 145 3547 erat,
167 3464 320 3558 prodidit
342 3467 563 3560 irruendique
586 3471 624 3534 in
646 3467 763 3533 urbem
786 3463 943 3558 Philippo
965 3481 1110 3557 potesta-

59 3586 134 3661 tem
154 3567 244 3637 fecit.
291 3572 364 3655 Quo
387 3572 472 3640 facto
495 3571 674 3664 Philippus
705 3571 831 3637 civibus
860 3569 897 3635 in
918 3571 1107 3659 'servitutem

56 3672 208 3741 redactis
229 3675 349 3741 urbem
372 3679 496 3744 evertit.
542 3679 638 3743 Dem.
662 3675 748 3740 Phil.
773 3676 841 3755 III,
864 3700 899 3766 p.
927 3676 1002 3754 125,
1038 3675 1121 3738 128.

55 3807 93 3846 π.
117 3803 260 3866 monuo.
282 3804 318 3872 p.
341 3781 416 3866 426.
461 3780 561 3848 Diod.
585 3779 619 3845 S.
643 3779 666 3845 l.
690 3803 718 3845 e.

87 3874 90 3881 ’
150 3882 323 3950 Diodorus
344 3883 470 3952 bellum
495 3885 736 3976 Olynthiacum
760 3883 918 3974 urbisque
942 3903 1108 3972 expugna-

55 3987 191 4054 tionem
214 3988 252 4052 in
287 3982 428 4080 Olymp.
455 3989 567 4055 CVIII
595 4016 622 4054 a.
656 4014 665 4053 1
701 3988 837 4055 confert.
884 3983 950 4050 Sed
980 3981 1108 4047 bellum

54 4093 165 4159 unius
194 4093 275 4159 anni
305 4095 410 4186 spatio
441 4112 580 4185 gestum
600 4110 657 4158 est.
711 4092 808 4157 Dem.
841 4118 872 4156 π.
905 4078 1042 4178 hepone.
1074 4111 1107 4178 p.
1195 4077 1196 4082 ἵ

149 4206 162 4225 „
737 4201 783 4266 5*
