2594 4672
538 274 694 377 *39*

98 467 162 528 est,
195 446 236 512 cf.
264 446 316 510 D'.
335 443 525 510 Ruhnkenii
554 432 630 508 hist.
658 440 731 506 crit.
762 436 881 507 orator.
917 438 976 505 Gr.
1005 459 1041 530 p.
1076 439 1136 525 ido
1214 514 1216 518 Α

98 551 173 620 Vol'.
182 553 184 557 ’
197 550 280 618 VIII
302 549 359 613 ed.
387 547 496 614 Reisk.
528 569 593 612 orr.
618 542 677 611 Gr.
721 544 895 610 Eximiam·
914 544 984 609 eius
1014 545 1137 611 oratio-

96 681 178 722 nem
208 653 267 720 illa
296 654 466 719 occasione
488 651 635 716 habitam
656 648 917 715 Demosthenem
935 646 1092 714 adhuc?
1082 673 1136 714 ru·

52 808 55 813 .
96 783 215 826 venem
255 755 297 822 ad
327 755 579 822 admirationem
586 746 931 851 aemulationemque
974 753 1135 844 rapuisse,

96 861 185 949 testis
209 879 256 927 est
279 859 365 927 Gell
391 861 451 940 III,
478 840 1031 940 13,Ainmian.Mdrcell.·,XXX
1052 856 1076 942 4
1104 874 1138 925 et

96 943 215 1032 Plut'
205 991 241 1030 m
269 966 326 1030 vit.
353 963 524 1031 Demosth.
553 985 581 1027 c
614 963 650 1043 5,
678 960 739 1054 qui
767 961 944 1026 tamenin
971 973 1135 1042 coerrat,

98 1054 190 1163 quod
218 1068 477 1142 Demosthenem
511 1090 656 1158 puerum
691 1063 800 1131 adhuc
828 1090 848 1130 a
872 1062 1107 1157 paedagogo
1096 1091 1137 1132 ιιι

96 1175 293 1242 concionem
328 1169 508 1241 adductum
549 1169 642 1236 dicit.
691 1168 934 1236 Demosthenes
973 1170 1064 1236 enim
1093 1192 1134 1237 eo

95 1295 246 1370 tempore
269 1298 394 1340 annum
414 1277 482 1340 iam
514 1272 816 1341 duodevicesimam
843 1274 977 1364 agebat,
1006 1274 1036 1340 si
1057 1276 1136 1366 qui-

96 1381 174 1447 dem
202 1379 360 1446 archonte
388 1377 561 1470 Polyzelo,
601 1376 639 1442 id
666 1394 715 1443 est
746 1376 903 1498 Olymp.
915 1375 1014 1460 CIII,
1046 1380 1109 1446 3
1096 1402 1136 1445 ιιι

95 1467 312 1577 Ephcborum
334 1506 514 1548 numerum
536 1475 709 1548 relatum
695 1504 731 1546 se
744 1504 813 1547 esse
834 1482 907 1607 ipse
924 1481 1064 1548 affirmat
1085 1505 1133 1550 or.

16 1575 17 1578 Ἴ
95 1615 122 1656 c.
147 1589 286 1655 Onetor.
310 1587 380 1678 Ip.
405 1587 478 1654 868.

92 1797 155 1863 bus
179 1815 211 1864 et
226 1796 397 1889 inprimis
413 1820 432 1860 a
445 1793 671 1862 Demosthene
683 1790 809 1859 mentio
824 1791 873 1859 fit.
912 1792 997 1860 Inde
1011 1794 1054 1860 ab
1068 1794 1134 1863 hoc

93 1902 185 1966 enim
205 1918 355 1992 tempore
379 1899 556 1992 Oropus
545 1925 583 1964 ιιι
606 1898 847 1965 Thebanorum
873 1913 1034 1988 potestate
1055 1922 1136 1992 per-

91 2007 229 2085 mansit,
259 2004 407 2096 quamvis
438 1996 658 2070 Athenienses
691 2003 730 2067 in
760 1999 940 2069 Thebanos
973 2005 1135 2073 acerrime

90 2135 154 2202 per
183 2126 291 2176 totum
318 2106 442 2174 deinde
469 2125 606 2200 tempus
637 2105 823 2186 exacerbati
856 2105 1006 2197 qualibet
1038 2132 1135 2177 occa-

93 2203 190 2279 sione
214 2235 412 2302 recuperare
441 2212 560 2277 urbem
588 2227 798 2278 conarentur.
857 2209 909 2276 Cf.
937 2210 1035 2277 Dem.
1067 2236 1133 2304 pro

81 2311 296 2403 Megalopol.
319 2338 353 2405 p.
376 2315 451 2394 203,
474 2314 516 2380 de
537 2337 619 2407 pace
639 2339 675 2406 Ρ.
696 2313 832 2395 60,-’6ι,
854 2314 914 2395 63,
936 2342 969 2382 π.
991 2342 1132 2406 capuam.

92 2443 127 2510 Ρ.
151 2416 225 2502 348,
248 2414 322 2505 409.-
364 2417 444 2483 Post
465 2415 593 2482 cladem
614 2416 751 2482 demum
769 2415 1038 2485 Chaeronensem
1053 2415 1134 2487 Phi-

90 2521 206 2617 lippus
228 2543 311 2612 pace
332 2519 417 2611 faeta
433 2519 698 2606 ¹Atheniensibus
725 2520 967 2614 gratificaturus
989 2523 1148 2605 et‘The.

52 2705 54 2709 y
89 2627 184 2693 banis
200 2625 325 2690 'acriter
346 2623 495 2691 infensus
523 2625 643 2690 urbem
674 2624 727 2691 his
755 2640 906 2715 ereptam
926 2624 995 2692 illis
1016 2624 1132 2696 reddi-

88 2729 147 2797 dit.
192 2727 455 2831 Pausan.1,34.
500 2726 579 2822 Ulp.
602 2726 644 2796 ad
664 2729 770 2796 Dent.
785 2718 916 2797 delen.
938 2727 961 2797 l.
985 2754 1013 2798 c.
1031 2760 1056 2777 ·-
1107 2728 1115 2825 ἶ,

88 2981 120 3048 7.
134 2952 410 3045 Ισφετεριζομένων
427 2953 592 3045 ’Θηβαίων
625 2957 684 3046 τὴν
704 2938 853 3042 Ἐὔβοιάν
879 2955 917 3022 οὗ
950 2957 1125 3046 περιείδετε,

131 3059 198 3127 ἀλλ’
220 3060 417 3154 ἐβοηθήσατε
438 3065 488 3170 nal
509 3059 641 3140 τοῦτοις.

475 3163 605 3221 'olymp
616 3167 661 3215 GV,
674 3168 694 3210 3
768 3182 771 3188 ·
802 3182 805 3190 ·

128 3253 279 3319 Haec
286 3251 549 3330 Atheniensium
573 3250 746 3346 expeditio
771 3234 923 3320 adsersus
945 3248 1126 3323 Thebanos
1167 3330 1168 3333 Ἴ
1240 3248 1243 3253 ’

55 3380 58 3388 “
87 3357 124 3422 in
140 3346 317 3424 Euboeam
338 3374 490 3449 suscepta
511 3374 626 3424 octavo
648 3361 736 3424 anno
753 3356 874 3455 accidit
887 3376 964 3450 post
977 3354 1127 3452 ereptam

86 3487 105 3526 a
127 3461 296 3527 'Ilhebunis
320 3461 493 3551 Oropum,
523 3462 643 3555 quinto
665 3476 745 3554 post
765 3485 914 3554 pugnam
935 3462 1127 3531 adManti-

84 3588 182 3631 neam
205 3567 423 3632 commissam.
473 3566 552 3632 Post
580 3590 653 3632 eam
678 3574 827 3659 pugnam
850 3555 977 3639 ‚Graeci
1003 3592 1126 3660 perpe-

84 3670 150 3735 tuis
173 3670 393 3734 certaminum
423 3668 592 3736 laboribus
623 3666 742 3737 defessi
769 3693 948 3738 commune
965 3673 1068 3762 »pacis
1091 3688 1125 3738 'et

73 3795 257 3838 armorum·
276 3774 438 3846 societatis
460 3772 577 3840 loedus
599 3775 748 3842 inierunt
775 3774 928 3868 (Olymp.
963 3776 1052 3855 CIV,
1076 3777 1123 3866 a),
1173 3771 1178 3837 j

83 3875 342 3943 detrectantibus
371 3895 483 3951 tamen
509 3876 795 3961 Lacedaemoniis,
818 3881 879 3972 qui
909 3880 953 3947 ob
980 3878 1125 3946 inclusos
1238 3912 1240 3917 ·

80 3979 210 4047 foederi
233 3981 429 4063 Messenios,
450 3982 502 4047 ab
524 3981 759 4075 Epaminonda
787 3982 901 4078 paullo
931 4000 1007 4051 ante
1027 3985 1124 4050 resti-

81 4100 178 4165 tutos,
210 4082 539 4192 subscribere'pacls
561 4085 768 4155 conditiones
786 4085 969 4175 nolebant.
990 4088 1122 4205 ‘mildi
