2594 4672
594 243 752 351 ...⁷2-

114 495 126 520 l
151 393 231 512 gau,
253 439 359 509 quum
381 415 471 480 brevi
495 431 572 507 post
591 413 850 502 Atheniensium
871 412 1058 508 legatorum
1072 417 1198 516 'in-nr-
1264 436 1269 439 “

150 524 230 591 bem
251 519 399 587 reditum
419 518 566 586 Athenas
595 516 804 586 advenissent
831 518 965 604 (Aesch
987 521 1037 587 in.
1049 521 1140 598 ths.
1159 549 1197 617 p.

150 629 193 697 63
217 626 296 713 m.),
327 639 360 688 et
389 622 432 688 de
460 647 542 714 pace
573 624 641 691 iam
668 621 897 690 confirmanda
927 646 1040 690 coram
1068 627 1197 720 populo

152 746 313 821 ageretur,
336 749 373 791 ex
396 725 495 792 sociis
517 725 790 806 Atheniensium,
817 729 878 818 qui
899 729 991 819 pacis
1013 733 1199 825 participes
1253 743 1257 748 ’

151 834 228 901 fieri
250 828 387 909 vellent,
416 830 602 897 Phocenses
623 853 694 897 non
720 835 816 923 posse
839 829 1033 925 Philippum
1062 835 1100 900 in
1129 837 1201 904 loe-

150 937 215 1010 dus
237 936 391 1026 recipere
412 934 553 1026 professi
580 952 667 1001 sunt.
712 933 853 1001 Dem..l.
877 959 905 1001 c.
928 962 963 1028 p.
985 937 1063 1023 444.
1107 940 1199 1008 Haec

137 1038 408 1125 ‘Atheniensium
439 1062 511 1104 rem
540 1037 714 1132 publicam
735 1038 1041 1107 administrantium
1061 1043 1101 1123 ii,
1136 1045 1196 1136 qui

151 1169 171 1211 a
198 1142 365 1236 partibus
380 1140 533 1237 Philippi
560 1143 706 1225 stabant,
739 1168 868 1211 summa
898 1167 963 1237 ope
990 1143 1196 1231 adiuverunt,

107 1269 110 1275 “
152 1266 337 1338 eorumque
359 1248 502 1314 maxime
530 1244 752 1329 Philocrates,
770 1250 843 1340 qui
865 1266 977 1315 tamen
1004 1273 1048 1316 ne
1075 1269 1198 1345 apace

150 1349 352 1442 foedereque
379 1374 517 1442 prorsus
546 1351 803 1420 excluderentur
829 1353 1033 1434 Phocenses,
1065 1375 1200 1424 coactus

126 1451 320 1547 'apopulo
343 1472 408 1536 est,
440 1473 478 1522 ut
500 1459 537 1522 in
559 1455 710 1540 decreto,
742 1480 810 1550 quo
832 1481 898 1549 pau
921 1456 1116 1525 confirmata
1138 1477 1199 1543 est,

97 1570 100 1573 ’
152 1577 185 1626 et
207 1561 300 1627 cuius
321 1561 393 1652 ipse
416 1577 532 1629 auctor
552 1562 626 1643 suit,
649 1561 749 1629 verba
771 1560 852 1647 πλὴν
867 1557 1018 1651 >ratam
1046 1565 1097 1628 καὶ
1124 1568 1200 1631 Φω-

150 1667 228 1743 κέων
258 1665 497 1754 exstingueret,
528 1690 715 1756 eorumque
736 1663 812 1731 loco
836 1665 1025 1751 Ἀθηναίους
1045 1669 1096 1732 καὶ
1124 1668 1199 1746 τοὺς

87 1765 89 1769 ¹
144 1768 324 1854 Ἀθηναίων
345 1770 530 1854 συμμάχους
544 1783 703 1836 exmaret.
748 1768 847 1834 Dem.
869 1767 891 1834 l.
915 1794 943 1836 c.
960 1795 995 1863 p.
1011 1771 1087 1860 391.
1134 1771 1199 1840 Ce-

150 1889 261 1955 terum
290 1874 329 1937 in
358 1874 449 1965 pacis
480 1872 728 1941 conditionibus
767 1873 830 1939 hae
860 1875 1058 1965 praecipuae
1098 1875 1197 1964 fuisse

150 1976 316 2057 ridentur,
338 1994 376 2041 ut
398 1976 577 2069 Philippus
599 1974 879 2070 Amphipolinct
900 1977 1050 2071 reliqna,
1071 1981 1197 2073 quibus

149 2080 239 2151 bello
262 2081 387 2172 potitus
409 2082 469 2163 sit,
500 2082 667 2149 obtineret
687 2081 799 2171 (Dein.
830 2080 872 2149 de
894 2107 977 2173 pace
1004 2108 1040 2176 p.
1070 2084 1125 2153 63.
1147 2107 1192 2152 or.

152 2184 195 2251 de
216 2183 338 2252 Halon.
360 2211 395 2278 p.
418 2189 471 2266 81,
495 2187 567 2270 83),
591 2185 839 2253 Chersonesum
861 2187 1124 2257 Atheniensibus
1147 2213 1197 2258 oo-

151 2290 254 2365 de'ret.
300 2289 397 2356 Dem.
420 2318 453 2356 π.
476 2316 616 2379 supano.
637 2302 672 2382 p.
695 2291 783 2384 365.
1151 2331 1154 2338 ·

238 2395 299 2460 His
333 2395 435 2486 igitur
465 2395 714 2463 conditionibus
751 2418 858 2487 quum
890 2396 1043 2486 primum
1071 2420 1137 2490 pax
1167 2414 1198 2465 et

149 2498 266 2566 foedus
277 2503 325 2584 **)
347 2500 388 2566 ab
417 2500 680 2567 Atheniensibus
703 2499 837 2566 decreta
860 2498 1125 2592 confirmataque
1149 2526 1195 2570 es·

74 2624 80 2637 ‘
153 2623 239 2688 sent,
264 2606 366 2671 c'reati
389 2606 551 2672 continuo
573 2603 691 2672 decem
712 2602 812 2696 legati
834 2627 853 2670 a
873 2603 1002 2698 populo
1025 2606 1115 2689 sunt,
1139 2607 1194 2702 qui
1254 2664 1256 2669 .

195 2966 222 3056 *)
243 2972 344 3050 Holus,
366 2973 529 3034 Thessaliae
552 2972 712 3058 oppidum,
739 2975 822 3060 quod
844 2998 910 3037 cum
931 2976 1083 3038 Pharsaliis
1104 2978 1196 3038 inimi·

194 3093 197 3097 Δ
231 3062 317 3120 *citios
339 3060 472 3140 habebat,
494 3060 624 3146 ideoque
646 3084 663 3122 a
681 3063 880 3140 Parmenione,
902 3066 1031 3148 Philippi
1053 3081 1197 3147 praetore,
1231 3071 1233 3074 ’

200 3165 203 3169 ’
239 3146 443 3227 obsidebatur,
477 3172 569 3233 quum
599 3151 692 3234 prima
724 3150 762 3209 ad
789 3152 958 3234 Philippum
983 3151 1089 3235 legatio
1119 3155 1198 3234 pacis

238 3235 432 3296 conciliandae
461 3259 545 3297 causa
577 3239 607 3297 iu
637 3237 840 3298 Macedoniam·
873 3239 1009 3298 tendebat
1039 3239 1136 3315 (Dem.
1164 3261 1197 3300 π.

237 3340 378 3403 παραπρ.
400 3345 431 3404 p.
455 3320 549 3407 392),
579 3323 658 3383 idem
688 3326 841 3407 Philippus
870 3327 1042 3408 expugnavit
1065 3327 1198 3408 quinque
1242 3405 1243 3409 Ρ

160 3487 161 3491 ¹
238 3407 286 3468 vel
308 3429 358 3467 sex
379 3411 525 3471 mensibus
545 3425 624 3494 post,
647 3434 740 3493 quum
762 3412 848 3472 altera
870 3413 908 3472 ad
928 3411 1096 3494 Philippum
1119 3414 1198 3494 lega-

159 3507 162 3512 ’
215 3570 217 3574 y
237 3495 279 3554 tio
302 3495 373 3556 iuris
394 3495 506 3556 iurandi
528 3517 613 3558 causa
634 3499 718 3558 missa
730 3500 856 3560 Athenas
874 3499 1083 3560 revertebatur.
1112 3500 1197 3559 Dem.

237 3581 257 3640 l.
291 3602 315 3641 c.
346 3604 377 3665 p.
400 3581 481 3661 35'2,
515 3585 595 3660 353,
625 3583 662 3644 ad
691 3608 721 3667 q.
746 3587 770 3663 ,¹¹
801 3587 870 3668 Ulp.
898 3585 1028 3646 adnotat}
1058 3579 1197 3646 Haledses

238 3668 462 3730 Atheniensibus
484 3670 641 3748 studuisse,
668 3672 828 3732 Pharsalios
851 3675 1008 3756 Philippo,
1034 3674 1198 3733 coniectura

237 3755 316 3816 haud
338 3755 427 3816 dubie
450 3778 486 3817 ex
508 3759 572 3841 ipso
594 3759 790 3819 Demosthene
811 3756 910 3843 petita.

195 3890 233 3976 **)
256 3895 330 3956 Nam
350 3889 455 3957 foedus
487 3897 571 3956 etiam
593 3918 751 3980 cumpace
782 3899 870 3959 ictum
897 3899 1020 3959 afferunt
1046 3900 1132 3959 Dein.
1164 3919 1197 3958 π.

231 3986 378 4139 ’τάτὲριίιιιπμ
407 4006 438 4066 Ρ.
474 3981 666 4091 354,,>356,
698 3988 790 4046 368υ
822 3987 926 4048 Aesch.
948 4008 981 4049 π.
1004 4006 1144 4066 stupeno.
1167 4005 1197 4068 p.
