2594 4672
138 265 140 269 ,
159 244 194 272 4⁴⁹

560 270 716 378 ffli-

124 445 222 509 etiam
255 435 440 509 Demonico
475 441 748 535 pseudeponymo
781 464 814 530 p.
856 438 935 520 265,
973 439 1034 502 uui
1071 439 1160 503 inter

122 571 247 627 omnes,
271 545 423 612 additum
446 562 639 613 est-nomen
662 545 866 611 demotieum
900 540 1034 623 Φλυεύς,
1066 540 1159 631 quod
1224 619 1227 627 ,

122 651 158 714 in
181 651 334 741 sequenti
356 649 544 714 testimonio
567 655 614 738 (p.
638 648 715 735 272)
740 645 873 710 affertur
890 643 1068 729 Δημόνικος
1078 650 1159 711 Μα-

123 750 290 836 (saddesor.
334 748 512 814 Difficilius
536 767 594 830 est,
618 748 709 841 quod
732 748 856 813 Eubuli
880 747 1013 815 decreto
1036 773 1069 838 p·
1094 748 1158 838 249

122 839 365 945 praescriptum
386 852 508 944 legitur
529 856 577 920 ἐπὶ
599 852 750 941 ἄρχοντος
761 853 942 934 Νεοκλέους,
961 877 1060 936 μηνος
1072 856 1160 937 Βοη-

91 976 95 982 ’
124 955 296 1044 δρομιῶνος
325 980 395 1042 non
428 954 540 1023 addito
569 954 641 1034 die,
671 957 731 1046 qui
759 957 795 1020 in
827 956 966 1047 reliquis
1003 956 1158 1021 omnibus

123 1061 347 1125 monumentis
370 1057 501 1123 additus
524 1076 584 1133 est,
627 1056 733 1123 Causa
753 1061 914 1125 nimirum
935 1062 972 1125 in
987 1058 1085 1125 -fonte
1107 1083 1160 1125 so-

122 1161 304 1229 lummodo
320 1163 436 1253 quaeri
458 1178 580 1252 potest,
604 1185 641 1225 ex
663 1185 729 1251 quo
758 1161 889 1227 decreta
910 1163 1008 1253 petiit
1026 1164 1079 1228 vir
1101 1162 1159 1228 ille

90 1316 95 1326 .
125 1265 258 1345 doctus,
290 1289 397 1357 'quem
433 1266 470 1329 in
501 1289 539 1331 eo
570 1282 625 1331 aut
654 1287 721 1330 non
754 1270 997 1357 praescriptum
1026 1265 1160 1333 decreto

123 1393 273 1463 mensem
296 1367 463 1460 diemque,
487 1366 523 1432 id
545 1367 635 1458 quod
658 1381 733 1433 c‘asu
756 1368 829 1433 fieri
850 1386 990 1460 poterat,
1014 1387 1069 1434 aut
1092 1369 1159 1435 diei
1253 1366 1260 1417 Ῐ

125 1473 442 1537 οεηεῃοῑαῑὶοηεηι
475 1495 551 1536 casu
580 1469 720 1563 deletam
752 1473 916 1538 invenisse
949 1472 1160 1540 statuendum

125 1577 177 1640 sit.
224 1573 291 1639 Sed
308 1576 345 1639 iu
368 1598 406 1663 eo
429 1576 502 1666 ipso
524 1573 698 1665 religiosae
719 1591 1015 1652 monumentorum
1037 1574 1161 1640 descri-

126 1678 251 1767 ptionis
264 1678 433 1771 vestigium
452 1679 631 1744 certissime
644 1677 882 1770 deprehendas,
905 1696 943 1743 ut
964 1677 1044 1743 iude
1066 1679 1162 1744 infir-

126 1797 237 1846 metur
257 1805 370 1846 rursus
393 1781 564 1874 Spengelii
588 1783 702 1873 opinio
725 1782 759 1864 (l.
783 1806 810 1847 c.
833 1807 867 1872 p.
891 1781 979 1870 doe),
999 1780 1069 1874 'qui
1091 1807 1161 1849 non

127 1883 300 1949 archontes
322 1882 424 1964 solos,
448 1885 507 1950 sed
529 1910 657 1951 menses
686 1885 784 1960 etiam
812 1884 949 1976 diesque
981 1885 1163 1977 interpola-

127 1989 208 2069 toris
241 1987 378 2056 arbitrio
409 1985 525 2077 deberi
565 1989 754 2073 contendit3
789 1984 1007 2075 confirmetur
1047 2007 1161 2056 contra

126 2089 287 2157 Boeekhii
310 2093 487 2171 sententia,
511 2095 568 2181 qui
601 2092 809 2161 decretorum
837 2095 1051 2186 praescripta,
1075 2119 1160 2183 quae

127 2218 205 2260 sane
226 2193 382 2286 plurimis
404 2192 553 2260 laborant
571 2194 830 2274 difficultatibus,
854 2201 992 2264 omnino
1016 2199 1160 2287 antiquis

127 2299 354 2364 monumentis
384 2298 466 2378 niti,
496 2294 555 2379 sed
584 2320 620 2360 ex
649 2296 793 2362 rubricis
825 2298 1029 2388 singularum
1060 2301 1162 2366 colle-

128 2403 247 2467 ctionis
269 2401 412 2491 partium
435 2398 588 2491 suppleta
621 2423 689 2465 esse
712 2400 854 2482 iudicat,
877 2404 914 2466 in
937 2402 1058 2493 quibus
1082 2426 1163 2468 con·

94 2595 96 2600 .
128 2502 306 2571 cinnandis
329 2502 467 2592 liberius
491 2504 617 2570 auctori
638 2505 759 2570 versari
780 2503 914 2571 licuerit
934 2505 969 2589 (l.
993 2530 1020 2572 e.
1043 2532 1077 2598 p.
1098 2508 1161 2595 26).
