2594 4672
482 308 487 317 ’
520 339 533 372 r
577 273 734 382 ...Q-

137 443 301 513 continuo
322 465 400 512 vero
422 443 519 530 (μετὰ
531 445 618 511 ταῦτ’
639 443 746 529 aldais,
771 443 826 513 oda
847 447 890 523 εἰς
908 443 1033 533 μακράν
1053 469 1087 538 p.
1103 444 1180 536 239)

135 547 361 613 Phocensium
382 541 483 614 nrbes
512 570 639 615 eversas
661 564 696 615 et
720 548 810 640 ipsos
839 548 1059 616 Athenienses
1086 550 1181 617 Mae·

116 645 349 746 'macterionis
373 651 459 718 XXI
479 650 557 745 fuga
587 675 624 719 ex
647 653 739 744 egris
768 669 864 746 capta
895 651 1054 744 propriae
1083 650 1181 719 soluti

126 753 313 829 ,consulere
343 772 472 823 coactos
501 777 585 822 esse.
613 793 659 808 —
687 756 824 848 Itaque,
853 781 960 848 quum
988 753 1050 821 tali
1077 752 1180 822 modo

123 858 227 923 inter
247 876 422 951 utramque
445 858 579 926 Corsini
602 883 640 926 ac
661 859 805 930 Weiskii
831 858 1030 924 sententiam
1051 857 1186 924 animus·

105 1005 108 1009 ψ
135 962 287 1043 fluctuet,
310 986 371 1032 nos
394 962 438 1028 ad
458 986 542 1042 rem,
566 959 673 1055 qualis
693 960 794 1028 fuerit
816 977 850 1028 et
870 983 938 1053 quo
961 977 1111 1053 tempore
1131 960 1182 1028 fa-

108 1076 111 1080 ’
135 1083 200 1145 cta,
224 1066 332 1131 acrius
355 1063 593 1154 inquirendam
614 1082 727 1133 nostra
746 1065 831 1132 ratio
854 1066 952 1156 cogit.
998 1064 1095 1147 Quod
1110 1089 1182 1130 ma-

133 1169 217 1236 ioris
254 1167 500 1261 perspicuitatis
535 1168 638 1260 gratia
678 1169 725 1236 ita
765 1169 990 1249 instituemus,
1036 1175 1075 1236 ut
1107 1171 1182 1262 pri·

133 1297 246 1356 mum,
281 1269 366 1362 quid
387 1270 629 1339 Demosthenes
650 1271 788 1354 referat,
811 1269 935 1337 deinde
956 1270 1042 1364 quid
1063 1272 1182 1340 adver-

134 1377 255 1456 sarius,
277 1398 517 1456 recenseamus,
539 1373 685 1468 deniqne
707 1398 793 1468 quae
823 1399 863 1441 ex
885 1375 1061 1468 utriusque
1083 1401 1181 1467 enar-

133 1482 268 1548 ratione
292 1477 369 1545 elici
389 1479 496 1571 possit
516 1503 594 1546 vera
614 1481 664 1546 rei
687 1478 846 1565 conditio,
866 1497 1123 1572 perscrutemur.

224 1584 465 1651 Demosthenes
491 1583 594 1674 igitur
622 1604 690 1676 quo
718 1582 878 1676 tempore·
898 1585 1023 1650 reversi
1046 1607 1086 1650 ex
1107 1585 1182 1652 Ma-

136 1687 280 1759 cedonia
308 1687 568 1755 Atheniensium
596 1685 698 1780 legati
723 1704 801 1781 post
817 1710 948 1780 ¹pacem
975 1711 994 1777 a
1019 1687 1180 1780 Philippo

133 1794 211 1860 iure
241 1789 381 1858 iurando
409 1791 641 1860 confirmatam
669 1792 707 1859 in
735 1793 846 1884 prima
873 1791 1034 1860 concione
1056 1791 1099 1858 ad
1118 1816 1182 1886 po-

134 1894 257 1989 pulum
287 1893 330 1962 de
355 1894 534 1988 legationis
556 1914 677 1965 eventu
697 1894 875 1977 referrent,
904 1892 1101 1988 Philippum
1123 1895 1183 1963 ad·

135 2001 266 2067 venisse
288 2001 356 2080 iam
382 1999 427 2067 ad
449 1999 694 2094 Thermopylas
716 1997 800 2068 dicit
827 2027 860 2068 π.
887 2024 1027 2088 παραπρ.
1048 2025 1084 2092 p.
1106 2002 1181 2070 351.
1262 1993 1265 2000 ’

137 2103 239 2186 Quod
261 2127 338 2169 cum
353 2127 422 2195 -per
442 2127 477 2171 se
498 2103 681 2187 verisimile
703 2122 768 2187 est,
799 2104 878 2197 quia
906 2127 1071 2173 summam
1100 2106 1183 2173 Phi-
1237 2120 1240 2123 ’

137 2205 257 2297 lippus⁴
276 2205 415 2296 operam
435 2206 554 2289 dabat,
581 2231 626 2274 ne
647 2207 925 2292 Atheniensibus,
952 2208 982 2274 si
1009 2226 1182 2277 cunctare-

131 2325 211 2390 tur,
242 2305 380 2376 consilia
408 2333 467 2376 sua
496 2310 721 2402 cognoscendi
748 2310 1027 2402 impediendique
1049 2314 1182 2405 copiam
1257 2321 1258 2324 ’

139 2410 274 2495 faceret,
297 2430 369 2480 tum
391 2437 431 2480 ex
453 2435 492 2480 eo
514 2412 744 2496 manifestum,
774 2413 866 2506 quod
888 2413 969 2480 dum
990 2439 1108 2507 pacem
1129 2419 1183 2484 iu-

137 2517 250 2598 rabat,
281 2516 397 2583 Pheris
418 2515 485 2605 iam
506 2514 544 2602 in
566 2515 740 2584 Thessalia
760 2535 847 2600 erat,
878 2533 912 2584 et
937 2540 1016 2585 cum
1037 2521 1183 2588 exercitu

115 2623 177 2690 ‘in
198 2620 382 2689 Phocidem
408 2618 566 2715 tendebat
586 2619 610 2688 l.
634 2644 663 2688 c.
683 2642 719 2713 p.
742 2621 817 2712 390.
862 2621 989 2691 Concio
1016 2620 1077 2690 illa
1097 2624 1182 2692 sacta

138 2741 190 2792 est
221 2723 493 2818 Scirophorionis
527 2725 583 2792 die
602 2725 686 2794 XVI
706 2722 741 2810 (l.
768 2717 798 2794 r.
825 2750 860 2819 p.
892 2727 984 2817 359),
1011 2727 1048 2793 in
1076 2751 1183 2821 eaque

135 2827 340 2897 Philocrates
362 2825 535 2898 decretum
556 2828 645 2911 tulit,
665 2829 703 2904 in
725 2852 793 2924 quo
815 2847 950 2921 praeter
970 2841 1079 2898 cetera
1101 2835 1183 2902 seri-

86 2991 88 2994 ,
135 2950 236 3027 ptum
270 2957 405 3027 quoque
435 2951 521 3002 erat:
554 2933 741 3003 Phocenses
775 2933 943 3026 templum
976 2933 1184 3026 Delphicum

136 3037 443 3131 Amphictyonibus
464 3039 693 3120 restituerent,
723 3037 819 3128 quod
844 3039 906 3130 qui
935 3037 1104 3133 impedire
1126 3064 1184 3109 co-

137 3145 209 3208 nati
231 3141 368 3223 suerint,
391 3142 491 3208 armis
514 3165 584 3209 esse
596 3137 818 3209 Athenienses
836 3140 990 3209 adversus
1013 3162 1069 3210 eos
1091 3162 1184 3211 actu·
1268 3214 1270 3219 ,

136 3243 249 3343 ros((l.
273 3269 301 3312 c.
323 3271 358 3338 p.
382 3247 472 3336 356).
515 3244 666 3312 Aderant
687 3263 808 3326 autem,
830 3243 913 3312 haec
925 3269 1032 3338 quum
1042 3245 1183 3317 Athenis
1217 3278 1222 3284 ·

138 3349 415 3431 decernebantur,
434 3348 660 3418 Phocensium
672 3349 773 3442 legati
788 3350 922 3432 (rectius
937 3350 1093 3419 Phalaeci
1106 3377 1184 3446 spe-

138 3452 322 3537 culatores),
342 3471 392 3536 ut,
415 3451 507 3546 quid.
522 3451 832 3522 abAtheniensibus
855 3457 1039 3548 exspectari
1059 3475 1182 3548 posset,
1281 3496 1285 3504 .

137 3573 268 3623 mature
297 3574 545 3650 cognoscerent.
595 3557 650 3624 Ab
682 3558 736 3625 his
767 3559 869 3650 igitur
897 3557 940 3627 de
961 3557 1096 3629 decreto
1118 3563 1184 3630 isto

139 3661 263 3728 certior
288 3660 393 3728 sactus
423 3660 620 3743 Phalaecus,
656 3661 878 3732 Athenienses
912 3687 990 3731 cum
1020 3663 1184 3758 Philippo

139 3764 331 3856 conspirare
346 3764 467 3847 ratus,
484 3783 604 3861 sponte
633 3790 668 3834 se
683 3790 837 3859 suosque
859 3767 1019 3863 Philippo
1040 3764 1184 3853 dedidit,

141 3893 218 3935 cum
242 3886 348 3960 eoque
370 3863 488 3962 pactus
511 3888 575 3953 est,
607 3889 645 3939 ut
674 3872 804 3939 traditis
826 3873 864 3938 in
884 3888 1082 3965 potestatem
1102 3871 1184 3939 Phi-

128 3964 226 4066 lippi
248 3971 406 4042 Phocidis
428 3973 568 4043 urbibus
590 3976 657 4086 ipsi
679 3977 747 4049 suis
770 3999 849 4047 cum
865 3974 1028 4045 militibus
1049 3976 1198 4075 impunis

184 4088 186 4090 ,
493 4112 498 4120 A
891 4088 896 4139 3
1066 4117 1068 4120 y
