2594 4672
643 239 662 305 3

574 328 732 342 —au—

220 393 313 491 Quae
335 427 379 472 ue
398 406 547 495 inaniter
568 433 587 474 a
608 431 663 474 me
686 405 774 473 dieta
793 421 1000 474 censeantur.
1047 405 1116 475 Sed
1140 410 1177 477 in

128 510 365 578 Demosthenis
388 513 573 579 orationem
596 510 638 577 de
661 533 784 577 corona
802 511 1057 578 commentarios
1074 512 1178 578 histo·
1213 560 1215 564 ι

128 606 217 682 ricos
247 631 280 680 et
309 614 566 707 chronologicos
595 617 632 681 in
669 613 844 706 publicum
874 616 1105 707 propositurus
1137 640 1177 682 ex

113 721 202 812 -ipsa
223 717 279 783 illa
301 718 527 809 subsidiorum
550 717 591 784 ad
608 737 774 791 oratorem
792 719 1051 812 intelligendum
1067 745 1177 813 penu-

126 827 178 890 ria
201 824 445 890 excusationem
475 826 512 889 in
534 824 652 917 primis
678 840 793 916 petere
824 822 912 890 volui
941 848 1061 914 operae
1083 847 1176 908 meae
1246 860 1248 862 ·

83 923 85 932 '
127 925 166 995 in
189 951 227 993 ea
248 927 481 994 Demosthenis
504 929 655 995 oratione
687 927 882 1009 collocatae,
915 953 1017 1021 quam
1044 946 1083 996 ut
1105 953 1177 995 om-

127 1033 226 1098 nium
248 1033 456 1097 notissimam
486 1049 519 1098 et
546 1032 757 1123 abantiquis
787 1033 913 1124 pariter
943 1056 981 1098 ac
1008 1033 1175 1098 recentio-

127 1136 221 1202 ribus
244 1134 346 1227 pleno
369 1134 478 1202 laudis
502 1154 534 1203 et
556 1134 783 1204 admirationis
807 1160 864 1202 ore
886 1135 1088 1202 celebratam
1104 1160 1175 1203 om-

126 1241 226 1306 nibus
249 1237 493 1330 explanationis
515 1239 713 1307 adiumentis
745 1239 939 1306 adornatam
965 1243 1034 1307 iam
1064 1258 1096 1306 et
1119 1265 1175 1308 oc-

128 1361 282 1436 cupatam
295 1367 367 1410 nou
383 1366 482 1409 nemo
495 1346 683 1433 speraverit.
728 1346 983 1412 Verumtamen
1004 1370 1057 1411 res
1073 1344 1173 1436 longe
1189 1354 1191 1364 ’

127 1448 193 1515 alia
226 1466 283 1515 est.
338 1445 439 1530 Quod
477 1448 568 1538 enim
605 1449 642 1512 in
673 1447 908 1515 Demosthenis
949 1448 1172 1541 explicatione

125 1577 295 1619 summum
318 1567 376 1632 est,
400 1547 437 1615 id
459 1552 495 1616 in
518 1553 766 1617 commentariis
787 1550 989 1642 plerumque
1014 1554 1182 1618 omissum>

125 1678 186 1724 seu
213 1658 326 1722 minus
353 1653 578 1746 ponderatum
609 1655 754 1721 invenio.
809 1654 1043 1722 Demosthenis
1071 1659 1173 1722 ¹enim

124 1785 255 1827 summa
276 1761 323 1827 vis
347 1761 509 1841 oratoria,
538 1783 605 1850 qua
628 1761 745 1825 ceteris
775 1759 957 1838 oratoribus
985 1758 1085 1852 longe
1114 1784 1174 1826 aua

126 1863 261 1946 tecellit,
284 1867 322 1931 in
345 1886 384 1931 eo
406 1865 619 1956 potissimum
640 1865 749 1955 posita
773 1880 838 1943 est,
867 1861 959 1954 quod
982 1886 1052 1929 non
1073 1861 1172 1956 plau,-

100 2000 103 2007 ·
125 1993 201 2036 sum
222 1966 282 2034 sed
301 1961 553 2060 persuasionem
576 1967 784 2034 audientium
807 1968 956 2059 quaerit,
978 1989 1049 2034 nou
1070 1966 1172 2032 verba

79 2161 88 2169 „.
119 2066 278 2138 'sonantia
304 2088 337 2138 et
366 2071 544 2138 artificiose
567 2072 899 2163 compositassensu
930 2088 1042 2138 tamen
1068 2093 1171 2136 vacua
1267 2156 1273 2163 ἱ

125 2175 258 2252 fundit,
292 2198 362 2241 uon
394 2178 571 2241 sententias
603 2193 727 2267 captat,
759 2173 819 2248 sed
848 2175 997 2240 oratioue
1029 2197 1115 2265 pura
1137 2189 1171 2240 ct

126 2274 274 2367 simplici
298 2277 463 2352 iudicium
485 2280 649 2370 expromit
669 2303 781 2344 rerum
801 2281 939 2344 veritate
962 2295 996 2344 et
1009 2271 1170 2343 historiae
1209 2320 1212 2324 -

127 2379 332 2470 experientia
362 2379 543 2446 stabilitum
568 2399 599 2451 et
621 2382 862 2446 confirmatum.
915 2381 1038 2446 Verbis
1066 2381 1170 2472 igitur

125 2483 209 2551 levis
232 2499 291 2565 est,
316 2479 376 2548 sed
396 2483 517 2574 plenus
540 2493 651 2551 rerum
675 2484 790 2575 copia,
820 2498 853 2548 et
879 2483 1042 2549 laetorum
1063 2484 1171 2548 abun-

124 2585 220 2653 danti
242 2588 405 2653 memoria
425 2588 565 2679 stipatus
587 2590 658 2653 siue
686 2585 859 2654 recondita
886 2587 1091 2679 antiquitatis
1113 2587 1170 2652 *hi-

125 2693 311 2783 storiaeque
344 2693 534 2781 cognitione
570 2690 742 2758 intellectu
773 2682 998 2758 difficillimus.
1051 2690 1170 2758 Talem

124 2820 202 2864 vcro
236 2821 343 2891 qupm
370 2796 499 2888 ubique
529 2820 563 2863 se
586 2797 739 2888 praebet,
771 2814 843 2862 tum
876 2797 914 2861 in
942 2793 999 2862 illa
1024 2797 1169 2893 maxime

125 2901 289 2981 oratione,
321 2925 388 2992 qua
414 2902 499 2966 vitae
526 2926 604 2966 suae
633 2894 864 2992 factorumque
894 2898 995 2967 veluli
1020 2900 1194 2966 tabulam
1252 2955 1256 2961 ,

122 3006 248 3098 pictam
277 3006 546 3095 repraesentavit.
598 3004 699 3071 Unde
728 3005 796 3070 iam
830 3021 993 3096 quantum
1022 3027 1100 3068 cum
1130 3006 1168 3070 in

88 3197 92 3203 ι
124 3130 331 3201 unoquoque
352 3108 586 3176 Demosthenis
614 3132 715 3200 opere
722 3158 743 3192 ,Ι
767 3126 840 3176 tum
860 3109 898 3173 iu
919 3107 982 3183 hae
1005 3109 1075 3174 cius
1097 3133 1177 3200 ma·¹

123 3214 211 3279 xime
249 3212 397 3281 oratione
430 3236 544 3280 rerum
579 3212 755 3306 explicatio
790 3210 999 3306 praepollere
1038 3210 1167 3295 debeat,

124 3317 202 3385 satis
223 3317 442 3410 perspicuum
464 3335 522 3385 est

182 3580 189 3599 t
210 3523 279 3593 Sed
300 3526 460 3596 orationis
483 3525 525 3592 de
547 3549 671 3592 corona
697 3527 835 3618 propria
865 3523 1028 3617 quaedam
1050 3523 1168 3591 eondi-

123 3630 172 3709 tio
201 3624 277 3713 est,¹
306 3654 393 3723 quae
422 3629 626 3722 singularem
657 3631 824 3720 propositi
855 3631 962 3696 nostri
990 3629 1174 3708 rationem,‘

122 3733 226 3802 hocce
264 3733 424 3826 opusculo
469 3732 738 3829 persequendam
776 3735 942 3800 excitavit.
998 3733 1168 3827 Premitur

124 3839 215 3902 enim
238 3861 276 3904 ca
296 3839 443 3932 propriis
462 3837 664 3930 quibusdam
683 3828 747 3904 n'ec
763 3838 888 3931 exiguis
905 3834 1167 3914 difficultatibus,

125 3965 212 4032 quae
244 3942 312 4008 nisi
342 3965 495 4033 excussae
523 3944 592 4009 sint
627 3942 883 4036 expeditaeque,
914 3939 1097 4007 accuratius
1119 3935 1169 4003 le·

795 4051 841 4117 μ
