2594 4672
510 267 668 385 2³...

41 465 144 518 .cero
169 467 245 511 cum
267 442 425 538 Philippo
456 448 650 540 conspirare
673 460 709 514 'ex
742 432 876 515 decreto
908 434 968 514 illo
1001 446 1114 516 Philo-v

25 548 28 555 ¹
65 550 167 618 cratis
191 571 348 640 cognosse
382 576 416 616 se
444 552 653 644 opinabatur.
663 554 695 639 *)
745 538 902 618 Paetus
893 553 996 645 1gitur
1026 554 1114 618 Pha·
1170 599 1172 602 ι

10 672 36 681 “’
62 654 176 720 laecus
199 677 276 718 cum
290 652 448 774 Philippo
472 672 522 723 est
544 672 587 722 'ea
603 644 828 756 conditione,
832 672 869 721 ut
891 655 1020 723 tradita
1033 658 1130 723 Phia,

18 804 21 811 ·
64 759 162 849 lippo
182 749 328 824 Phocide
343 761 410 825 suis
434 783 511 824 cum
523 746 713 826 militibus
703 773 836 853 impunr
826 759 914 824 sibi
928 760 1020 829 abire
1033 760 1114 827 lice-

64 881 138 929 ret
154 861 254 928 Diod.
269 860 303 928 S.
317 863 411 944 XVI,
433 868 484 953 59.
518 852 637 932 A'esch.
653 856 675 931 l.
691 889 718 931 c.
732 863 812 950 465.
847 861 1024 954 Ph1lrppus
1035 889 1112 932 vero

10 1046 12 1059 Ι
68 992 133 1059 per
155 965 253 1058 Pylas
277 967 435 1034 continuo
459 955 679 1036 Phocidem
669 992 835 1088 regressus
866 992 995 1033 summa
1029 967 1114 1034 cele-

64 1073 163 1138 ritate
187 1071 315 1137 eunctis
338 1057 478 1135 urbibus
500 1088 596 1164 pacto
620 1085 678 1139 seu
699 1075 731 1138 'vi
746 1075 869 1165 potitus
890 1089 947 1138 est.
991 1073 1111 1138 Aeseh.

64 1176 104 1242 in
128 1176 215 1240 Ctes.
238 1198 273 1265 p.
295 1174 349 1242 65.
393 1162 494 1240 Diod.
519 1175 553 1244 S.
577 1175 652 1243 l..c
699 1176 797 1242 Dem.
821 1175 843 1240 l.
872 1200 900 1240 c.
922 1203 954 1269 p.
980 1179 1112 1266 379.”)

10 1272 289 1365 'Athenienses
323 1271 439 1366 contre
469 1267 511 1344 de
541 1298 637 1372 pacto
660 1269 858 1346 Phalaeei
848 1298 976 1371 rstaque
997 1226 1112 1347 serrdn

65 1385 286 1451 conversione
309 1378 466 1448 certiores
489 1384 567 1450 lacti
598 1409 616 1448 a
639 1381 786 1475 Dercylo
818 1382 964 1474 quodam
993 1383 1111 1479 legato,

62 1488 262 1588 nuperrimo
282 1499 360 1551 tum
383 1485 457 1553 aliis
488 1487 531 1554 ad
553 1487 751 1580 Philippum
772 1488 888 1568 misso,
919 1513 1026 1580 quum
1054 1489 1112 1555 de·-

64 1632 378 1687 ,..........’...-....

79 1776 135 1875 ff)
156 1776 366 1851 Demosthenes
388 1799 446 1849 non
468 1788 685 1848 Phala-ecum
707 1789 875 1846 necessitate
906 1786 1112 1847 adactum-sed

152 1867 317 1936 Phocenses
346 1876 486 1958 deceptos
515 1876 664 1934 Aeschinis
686 1875 916 1956 Philocratisque
939 1876 1018 1933 vanis
1039 1892 1112 1956 pro*
1155 1930 1158 1941 ,

150 1960 240 2022 missis
273 1958 404 2045 (aderant
432 1965 540 2038 enim,
557 1964 594 2020 ait
625 1963 849 2036 Demosthenes,
880 1983 980 2020 eorum
1014 1962 1109 2043 legati,

152 2064 245 2129 ¹'quum
266 2051 374 2108 reversi
406 2071 441 2108 ex
471 2048 643 2108 Macedonia
673 2049 889 2109 Atheniensium
917 2048 1017 2130 legati⁴
1032 2052 1111 2130 lega*

155 2137 263 2192 tionem
285 2134 322 2192 ad
344 2135 487 2216 populum
508 2135 658 2209 referrent,
679 2149 712 2193 ut
735 2134 772 2192 de
796 2155 848 2212 eo,
871 2134 944 2216 quid
965 2134 1021 2193 sibi
1043 2145 1112 2216 'spe‘

48 2258 51 2262 Δ
153 2219 276 2278 randum
308 2236 397 2294 esset,
427 2223 563 2279 certiores
593 2222 709 2279 fierent:
738 2221 822 2278 Dem.
850 2244 883 2280 π.
917 2229 1055 2301 παρανιῤ.
1078 2243 1109 2304 pa

12 2368 23 2387 -.
55 2327 62 2337 ‘
156 2301 234 2386 359)
265 2320 294 2363 et
328 2304 366 2363 ad
396 2304 600 2386 deprimendos
629 2305 784 2364 Thebanos
816 2309 913 2365 venire
942 2308 1110 2388 Philippum

154 2406 247 2469 ratos,
277 2407 380 2473 sponte
411 2412 442 2450 se
471 2412 600 2472 suosque
621 2392 759 2472 Philippo
789 2390 942 2452 tradidisse
963 2394 1110 2451 contendit

153 2479 174 2537 l.
197 2501 221 2538 c.
244 2501 275 2560 p.
300 2481 374 2557 357,
399 2479 471 2554 358,
496 2480 574 2539 361:
606 2477 644 2536 ad
665 2477 842 2536 conllandam
872 2479 979 2538 scilicet
1008 2475 1111 2538 sldver-¹

154 2567 231 2625 sario
252 2565 396 2625 iuvidiam.
440 2565 533 2624 Aliter
560 2566 636 2634 enim
664 2585 726 2622 rem
754 2586 784 2623 se
807 2565 939 2624 habuisse
961 2580 989 2624 et
1011 2566 1112 2626 Phile*

149 2653 238 2712 eratis
260 2651 333 2712 illud
355 2652 503 2711 decretum
526 2650 626 2729 docet,
659 2665 688 2710 et
716 2652 811 2731 ipsum
839 2654 956 2711 maxime
978 2653 1111 2712 Phalaeei

51 2779 55 2785 -
151 2755 278 2822 pactum.
323 2740 429 2820 Neque
445 2741 528 2797 etiam
544 2738 834 2820 Phocensiumle'gati
850 2741 975 2799 Athenis
984 2740 1110 2821 aderunt,

152 2827 206 2886 sed
238 2827 344 2885 rectius
373 2826 530 2886 Aeschines
559 2825 578 2885 l.
607 2840 633 2885 c
664 2848 694 2907 p
725 2821 767 2894 45
794 2849 831 2885 m.
865 2824 1024 2886 Φαλαίκου
1052 2846 1110 2885 τον

42 2922 53 2947 “·
155 2908 290 2974 Φωκέων
310 2906 463 2994 τυράννου
485 2907 720 2992 δρομοκήρυκες,
745 2935 842 2994 neque
859 2913 1022 2971 Phocenses
1045 2923 1110 2971 eunt

150 3000 289 3082 Philippo
311 3001 388 3082 pacti
410 3015 484 3076 sunt,
506 3000 558 3059 sed
580 3000 658 3058 solus
679 2999 871 3058 Phalaecus.

107 3131 257 3223 “.)Dem
279 3159 312 3198 π.
335 3136 475 3240 oeponp.
498 3159 530 3218 p.
546 3140 624 3198 360:
647 3123 803 3212 μηδεμίαν
823 3135 886 3194 τῶν
907 3121 1026 3195 πόλεων
1046 3123 1110 3215 τῶν

154 3223 186 3286 ἐν
203 3225 343 3286 Φωκεῦσι
366 3217 482 3284 ἁλῶναι
504 3219 665 3306 πολιορκία
686 3218 795 3300 p'apd’
781 3242 812 3280 sn
834 3223 1008 3301 προςβολῆς
1029 3218 1109 3282 κατὰ

152 3306 283 3420 upoicoe,
314 3307 419 3385 ἀλλ”
408 3333 440 3372 εκ
467 3312 523 3370 τοῦ
545 3307 736 3370 σπείσασθαι
766 3301 886 3408 udatur
907 3303 1045 3388 dodav'
1028 3324 1109 3369 ono

69 3420 73 3426 ·
152 3395 275 3474 λὲσθαι,
300 3414 333 3457 ut
353 3415 432 3459 tanto
455 3399 548 3458 acrius
570 3397 761 3455 adversarium
787 3397 904 3454 erimine
926 3395 1108 3497 proditorum

152 3487 345 3547 Phocensium
372 3501 492 3590 premat.
544 3478 657 3542 Verum
680 3485 770 3551 etiam
800 3483 890 3540 Diod
920 3482 944 3542 l..
969 3494 993 3587 9.
1028 3504 1044 3543 o
1075 3471 1109 3542 ll

151 3565 339 3650 duocimo*
318 3583 390 3632 aveo
415 3564 520 3653 μάνης
541 3566 730 3639 ανελπίστως
751 3542 955 3640 uoruldooe'
948 3563 1004 3629 τὸν
1026 3563 1109 3651 ιιρὸν

152 3653 297 3736 πόλεμον.
342 3659 402 3718 Sed
424 3660 511 3718 fuisse
533 3659 637 3732 urbes,
668 3676 742 3738 quae
765 3678 822 3735 non
846 3673 948 3738 sponte
971 3657 1014 3714 Pl
1017 3657 1108 3738 rlrppo

152 3769 184 3807 se
207 3736 349 3823 dederint,
372 3745 472 3806 sed
446 3769 474 3804 vt
496 3748 628 3805 resistere
652 3758 768 3802 conatae
791 3746 855 3821 sint,
878 3742 963 3803 docet
978 3742 1110 3850 Philippi

153 3833 275 3916 epistole
298 3832 334 3890 de
357 3848 416 3893 eor.
439 3855 470 3933 p.
496 3837 557 3893 238
581 3853 642 3913 sq.,
671 3851 758 3911 quam
780 3828 872 3890 statim
894 3844 961 3912 post
984 3843 1110 3908 occupa-

154 3936 210 3980 tam
223 3918 383 3978 Phocidem
404 3918 538 4001 scriptam
560 3939 621 3978 csse
644 3918 716 3976 iolla
738 3917 1003 3992 demonstrabimus,
1026 3915 1109 3972 sicuti

153 4004 224 4066 id
216 4028 324 4088 ipsum,
360 4021 428 4086 post
455 4021 571 4086 pactum
604 4004 737 4063 Phalaeci
774 3999 942 4101 Philippum
972 4003 1108 4065 continuo

154 4092 312 4153 Phocidem
335 4114 396 4152 esse
418 4094 585 4175 ingressum.

735 4181 784 4257 ὀᾶ
