2594 4672
501 288 658 395 ..ιι-ι*

60 473 98 523 ut
119 456 171 524 vel
183 479 264 549 prae
281 457 400 524 timore
411 481 458 539 ea,
483 483 568 550 quae
582 459 755 580 hucusque
771 476 987 540 recusassent,
1009 459 1099 527 ultro

46 559 334 656 concederent,
315 561 368 627 vel
391 562 433 627 ad
450 562 750 630 concedendum
719 590 752 632 vr
768 576 966 653 cogerentur
987 565 1100 652 (Dem.

61 665 104 732 de
145 687 211 739 cor.
239 691 273 757 p.
298 666 383 749 286).
439 665 479 732 Id
511 667 635 733 factum
668 685 717 734 est
745 658 1017 758 Scirophorionis
1046 668 1101 734 die

55 753 194 839 ’circiter'
214 770 319 835 XIII
354 770 439 836 Nam
468 770 740 863 Scirophorionis
774 773 873 852 XVI,
907 770 1020 862 pridie
1047 797 1103 840 ve-

59 874 151 966 speri
171 875 296 940 nuncio
320 872 363 939 de
385 874 502 940 Elatea
533 893 629 966 capta
644 868 806 941 Athenas
830 875 930 942 allato
953 875 1012 960 (de
1034 900 1100 943 cor.

57 1001 93 1068 p.
107 977 195 1066 284),
210 978 428 1071 Athenienses
440 980 674 1060 Demosthenis
687 981 836 1047 oratione
848 980 985 1064 excitati,
1001 982 1102 1046 *euius
1120 982 1124 987 ’
1220 987 1222 991 ’

60 1081 153 1175 quod
180 1081 282 1149 fuerit
312 1099 563 1173 argumentum,
600 1085 671 1175 ipse
702 1103 813 1152 orator
845 1083 947 1151 refert
978 1109 1013 1177 p.
1039 1085 1102 1151 286

21 1200 24 1208 '
59 1214 154 1281 sqq,
185 1188 279 1255 acsi
300 1210 370 1253 non
392 1207 456 1279 pro
479 1212 538 1254 sua
566 1187 625 1255 sed
654 1213 717 1281 pro
742 1192 841 1258 totius
871 1190 1031 1256 Graeciae
1057 1189 1102 1255 Ii·

59 1297 188 1362 bertate
221 1290 392 1384 saluteque
421 1318 512 1359 arma
540 1295 606 1360 sibi
634 1294 744 1363 essent
770 1295 948 1390 cupienda,
973 1297 1100 1364 Demo·

61 1398 179 1464 sthene
202 1415 335 1464 auctore
358 1397 554 1480 decernunt,
576 1416 614 1465 ut
637 1399 780 1469 ducenta
799 1403 929 1490 navigia
951 1403 987 1465 in
1008 1423 1101 1469 mare

60 1501 280 1583 deducantur,
304 1502 485 1588 navarchus
507 1505 596 1570 intra
619 1504 715 1596 Pylas
739 1530 816 1571 cum
838 1508 884 1571 eis
906 1507 1101 1598 proficisca-
1191 1596 1193 1600 ι

61 1625 134 1690 tur,
155 1626 290 1708 praetor
319 1626 430 1673 autem
460 1609 679 1700 equitumque
711 1611 897 1700 praefectus
929 1609 1100 1702 pedestres

61 1727 94 1778 et
117 1731 282 1804 equestres
310 1713 423 1803 copias
452 1712 495 1778 ad
526 1710 718 1779 Eleusinem
745 1712 903 1798 educant3
933 1715 1101 1807 legatique

58 1817 234 1884 mittantur
256 1840 333 1883 cum
355 1816 399 1882 ad
421 1815 499 1882 alias
524 1817 682 1884 Graeciae
705 1819 863 1899 civitates,
886 1838 957 1885 tum
978 1821 1014 1884 in
1028 1821 1101 1910 pri-

58 1922 123 1987 mis
145 1921 188 1987 ad
211 1921 409 2003 Thebanos,
444 1924 572 2014 quippe
606 1945 752 2014 quorum
774 1921 896 1989 finibus
918 1921 1098 2018 Philippus
1145 1994 1148 1999 1
1215 2012 1220 2024 ’

58 2027 247 2109 immineat3
271 2050 325 2093 eos
348 2028 450 2117 igitur
472 2029 610 2093 maxime
626 2028 810 2108 hortentur,
833 2045 871 2093 ut
892 2052 985 2093 suam
1007 2030 1098 2120 ipso-

56 2155 135 2195 rum
163 2149 196 2197 et
226 2128 389 2196 Graeciae
416 2129 607 2197 libertatem
628 2149 798 2213 tueantur,
821 2130 1013 2214 declarent,
1035 2156 1098 2224 po-

57 2231 186 2324 pulum,
207 2235 368 2326 pristinae
391 2233 563 2299 simultatis
586 2225 833 2314 immemorem,
860 2259 937 2300 cum
960 2237 1005 2301 eis
1028 2237 1097 2304 foe·

59 2335 122 2402 dus
152 2337 261 2405 facere
293 2334 396 2416 velle,
426 2354 459 2404 et
491 2340 698 2404 matrimonii
731 2340 782 2403 ius
821 2332 867 2402 eis
903 2339 1095 2407 concedere.

57 2442 100 2508 V.
134 2440 303 2509 decretum
331 2441 539 2508 Demosth.
529 2466 566 2506 ιιι
597 2466 643 2508 οι.
675 2440 718 2508 de
746 2463 813 2507 cor.
842 2467 875 2532 p
915 2446 978 2532 289
1009 2468 1095 2535 sqq,

59 2544 153 2638 quod
180 2544 495 2638 pseudeponymum
524 2541 671 2638 praefert
696 2543 884 2612 Nausiclem
910 2571 973 2641 pro
1000 2549 1095 2640 Lysi·
1109 2600 1110 2603 η

55 2649 220 2731 machide,
245 2649 383 2742 Olymp.
408 2649 482 2729 CX,
506 2674 713 2742 aeponymo
722 2655 761 2733 Ἴ.

143 2756 189 2820 Ει
210 2755 270 2822 illo
294 2755 426 2821 decreto
451 2754 701 2836 Demosthenes,
732 2755 903 2846 legationis
926 2756 1093 2848 princeps,

56 2858 189 2927 Thebas
211 2883 246 2926 se
258 2859 394 2940 confert,
419 2877 451 2927 et
463 2885 546 2952 quos
567 2861 615 2926 ibi
631 2862 760 2927 invenit
771 2859 922 2952 Philippi
945 2860 1095 2928 etThes-

99 3159 122 3238 ⁹)
144 3159 239 3221 Huius
262 3162 336 3219 enirn
358 3161 421 3219 anni
455 3170 551 3219 mense
579 3158 802 3240 Scirophorione
829 3175 938 3241 captam
966 3161 1092 3221 Elateam

143 3270 215 3325 esse,
236 3270 332 3307 rerum
355 3269 370 3307 a
392 3245 478 3306 nobit
498 3249 649 3326 hucusque
672 3248 863 3327 expositarum
890 3246 962 3306 ordo
993 3259 1092 3329 aperte

144 3335 238 3394 docet.
300 3334 445 3394 Archonte
477 3332 675 3414 Lysimachide
713 3348 879 3414 occupatam
915 3355 978 3410 eam
1004 3335 1116 3396 relert‘

145 3424 237 3500 etiam*
254 3421 448 3483 Philochorus
476 3441 522 3500 ap.
553 3421 675 3499 Dionys.
714 3419 752 3478 H.
790 3420 809 3478 l.
838 3416 867 3495 ὁ.Ι
892 3423 917 3496 §.
952 3441 1000 3480 ιι.
1051 3422 1090 3481 lta
1181 3421 1185 3430 “
1236 3406 1239 3413 ¹

144 3532 224 3587 vero,
247 3531 338 3590 quum
358 3508 459 3569 Elatea
480 3521 561 3588 capta
589 3507 624 3565 sit
654 3522 780 3566 extremo
812 3506 860 3567 Ol.
883 3508 941 3567 CX
963 3531 988 3568 a.
1011 3531 1040 3584 a,
1063 3527 1094 3568 et·
1198 3535 1202 3543 ¹

145 3597 193 3655 rix
222 3595 348 3658 duobus.
364 3595 510 3655 mensibus
536 3609 622 3675 post,
652 3594 700 3653 Ol.
729 3593 801 3671 CX,
835 3597 853 3653 3
886 3596 1092 3678 Metagitnione

145 3683 213 3757 Vll,
236 3681 331 3741 clades
353 3680 390 3740 ad
416 3682 610 3741 Chaeroneam
634 3679 782 3758 acciderit,
815 3703 850 3742 eo
879 3682 987 3743 facilius
1016 3684 1092 3742 Dio·
1186 3748 1192 3756 ,

146 3769 235 3829 dorus
256 3768 347 3844 XVI,
381 3767 439 3842 84,
470 3767 523 3829 ubi
549 3790 595 3827 res
624 3768 662 3827 ad
685 3768 883 3829 Chaeroneam·
900 3785 974 3830 actas
990 3768 1093 3845 refert,

146 3860 237 3939 ipsam
266 3857 350 3916 etiam
382 3857 498 3916 Elateae
531 3857 769 3937 expugnationem
798 3856 836 3916 ad
866 3856 914 3917 01.
934 3855 1002 3915 ·CX
1024 3877 1048 3914 a.
1073 3858 1091 3915 3
1120 3892 1122 3906 .
1157 3898 1166 3915 .
1250 3890 1253 3897 ·

144 3943 255 4004 referre
274 3957 404 4024 poterat,
430 3956 533 4023 utpote
556 3944 678 4025 scriptor
699 3945 728 4002 in
752 3941 959 4026 distinguendis
980 3957 1095 4023 tempess

115 4031 225 4097 ‚ribus
247 4051 349 4114 parum
370 4029 530 4109 religIosus,
553 4046 581 4088 et
603 4031 632 4089 in
660 4029 749 4090 rebus
771 4029 933 4090 enarrandis
955 4028 1068 4091 lactent

145 4119 233 4200 magis
255 4115 461 4177 cohaerentiam
494 4138 580 4200 quam
601 4131 764 4199 temporum
786 4119 931 4203 sequens
984 4136 987 4141 ’
1044 4138 1048 4147 ·
