2594 4672
620 280 776 382 Q...

385 542 609 638 Caput
687 539 1022 640 quintum
1103 570 1106 577 ¹

206 688 210 697 ἱ
265 713 304 773 Ρ.
333 711 551 798 274-291
583 718 873 798 et298-3o5·
953 729 955 732 ‘

59 861 61 864 ⁴
110 858 114 868 ’
178 804 301 916 Agitur
322 835 358 894 de
380 833 463 895 rebus
484 836 575 916 gestis
590 833 656 893 t'nde
671 857 690 893 u
704 821 1122 920 belliAmplu'ssanstsortgtne
1134 860 1225 922 usque

50 937 51 943 ¹
176 1012 182 1020 ι
222 939 265 999 ad
285 961 453 999 concussam
475 938 558 998 clade
573 937 772 998 Chaeroneae·
782 939 925 999 Graeciae
937 938 1108 1000 libertatem.
1153 943 1227 1004 Sin·

221 1043 359 1125 gulurttm
380 1067 475 1104 rerunt
497 1059 627 1128 tempora
649 1058 787 1126 quantum
800 1057 903 1128 potest
915 1046 1130 1104 aramathaim
1152 1036 1233 1104 conss

223 1149 399 1220 stt'tuuntur5
434 1148 646 1232 repugnantiae
675 1170 714 1207 ex
750 1149 941 1208 monumentis
975 1149 1105 1208 titst'tt'ct't‘r
1133 1165 1226 1211 natue

211 1253 404 1312 villustrantur
424 1266 454 1312 et
467 1274 527 1337 pro
550 1272 623 1310 oeta
643 1274 737 1310 rerum
760 1251 923 1312 conditione
944 1251 1106 1314 solvuntur.

558 1349 644 1413 olymp]
655 1349 700 1399 CX,
716 1350 808 1397 r-CX.
822 1350 842 1392 ³.
879 1384 881 1389 .

263 1505 338 1587 Res,
361 1505 399 1571 in
421 1504 542 1599 quibus
563 1529 627 1599 per
646 1504 773 1577 hancce
796 1504 1227 1598 disputationem-versabi-
1250 1499 1274 1519 ⁶

177 1598 272 1691 mur,
303 1608 433 1677 duobus
466 1610 739 1702 circumscriptae
769 1625 848 1676 sunt
878 1606 1044 1692 lerminis,
1100 1635 1228 1688 uorum

179 1695 310 1808 teinpus
333 1731 484 1780 accurate
512 1710 719 1805 exploratum
746 1731 804 1780 est·
848 1712 1020 1781 Aecidisse
1048 1739 1140 1783 emm
1170 1743 1226 1786 eas

178 1835 257 1910 post
277 1816 406 1884 bellum
429 1841 506 1883 cum
527 1817 689 1910 Philippo
707 1815 973 1923 redintegrutum
994 1816 1092 1886 claris
1115 1816 1227 1890 'verbis

163 1923 384 2016 ‚pronunciat
405 1920 646 1987 Demosthenes
668 1946 703 2014 p.
727 1920 802 2008 274.
843 1922 1010 1989 ‘Exarsisse
1033 1941 1143 1991 autem
1165 1924 1227 1992 de-
1279 1942 1282 1951 ⁸

178 2051 248 2094 nuo
270 2022 398 2092 bellum
418 2040 494 2116 post
515 2047 633 2117 paoem
662 2041 790 2117 septem
812 2049 978 2093 annorum
1000 2043 1087 2110 tum,
1117 2041 1224 2122 quum

179 2130 381 2222 Byzantium
403 2127 577 2196 obsidebat
598 2127 792 2223 Philippus,
824 2131 964 2198 honest
985 2129 1124 2224 Olymp.
1147 2131 1222 2217 CX,

182 2259 194 2300 1
222 2236 378 2313 ineunte,
406 2255 467 2299 nos
494 2257 595 2324 supra
623 2235 876 2302 monstravimus
910 2259 981 2328 cap.
1005 2235 1072 2321 IV,
1105 2260 1125 2328 7
1148 2261 1225 2332 sqq.

178 2337 277 2408 Alter
306 2339 467 2405 terminus
493 2343 613 2430 ¹pugna
642 2337 885 2406 Chaeronensis
909 2358 973 2422 est,
1007 2365 1110 2432 quam
1133 2365 1229 2410 com·
1278 2405 1280 2408 Α

177 2445 315 2511 missam
337 2467 406 2510 esse
429 2441 588 2510 archonte
609 2437 807 2512 Chaeronda
822 2441 990 2511 Diodorus
1012 2443 1116 2512 refert
1129 2445 1228 2530 XVI,

178 2552 220 2616 85
256 2566 290 2614 et
316 2565 432 2614 auctor
460 2549 532 2614 vitt.
554 2549 588 2614 X
610 2570 676 2616 orr.
699 2550 737 2615 in
759 2549 860 2618 Isocr.
882 2545 960 2616 Vol.
983 2549 1067 2630 XII,
1095 2575 1131 2643 p.
1160 2552 1228 2621 238
1269 2565 1274 2575 '

178 2653 233 2734 H,
256 2649 404 2743 denique
426 2650 567 2744 Dionys.
590 2651 665 2718 Hal.
679 2653 789 2720 isaer.
813 2677 841 2719 c.
869 2676 903 2739 13
926 2652 980 2720 die
991 2672 1070 2721 vero
1083 2654 1229 2724 secundi

178 2756 314 2834 mensis,
338 2755 601 2845 Metagitnionis,
623 2756 764 2848 septimo
786 2756 972 2824 secundum
992 2756 1080 2825 Plut.
1103 2759 1142 2824 in
1161 2758 1228 2826 Ca-

178 2856 273 2925 millo
296 2880 326 2924 c.
354 2879 402 2948 ¹9·
448 2859 541 2927 Intra
567 2858 628 2927 hos
657 2860 760 2953 igitur
785 2859 869 2928 fines
896 2879 1067 2930 vertantur
1088 2866 1227 2930 necess'e
1270 2951 1273 2958 Ι

179 2980 229 3031 est
250 2962 363 3032 omnia
384 2986 439 3044 ea,
470 2961 514 3030 de
546 2964 669 3058 quibus
690 2953 932 3034 Demosthenes
954 2967 1023 3059 agit
1042 2964 1078 3033 ll.
1101 2991 1152 3034 ec.
1175 2993 1225 3037 or.

76 3068 78 3072 ’
168 3066 223 3135 'do
245 3092 313 3137 cor.
337 3075 371 3135 et
391 3067 572 3159 Aeschtin
595 3068 683 3142 Ctes.
705 3094 740 3162 p.
763 3069 917 3160 68-75;
1265 3127 1268 3134 .

267 3171 385 3240 Soluta
420 3174 573 3266 Byzantii
619 3173 793 3243 obsidione
830 3164 1028 3268 Philippum
1065 3173 1228 3270 Scythica

176 3273 267 3343 bella
296 3275 341 3343 ad
369 3278 491 3344 Istrum
520 3278 648 3347 flumen
682 3302 871 3375 aggressum
900 3302 987 3361 esse,
1024 3276 1229 3375 devictoque

177 3381 303 3461 Athea,
333 3378 535 3473 Scytharum
561 3406 655 3474 rege,
690 3408 796 3477 quum
823 3381 967 3465 domum,
991 3401 1226 3470 reverteretur,

178 3510 258 3552 cnm
278 3483 437 3553 Triballis
460 3487 651 3568 transitum,
678 3489 718 3555 ni
744 3488 936 3581 portionem
961 3485 1105 3580 praedae
1128 3513 1228 3573 acce-

178 3590 322 3686 pissent,
352 3590 548 3680 negantibus
578 3591 746 3684 proelium
768 3593 988 3673 commisisse,
1019 3592 1057 3659 in
1083 3604 1154 3683 quo
1177 3597 1227 3662 ita

178 3695 217 3759 in
238 3692 363 3760 femore
384 3689 576 3761 vulneratus
599 3698 652 3779 sit,
674 3714 713 3765 ut
728 3720 791 3789 per
812 3698 933 3788 corpus
957 3697 1026 3762 eius
1041 3719 1148 3790 equus
1171 3698 1227 3764 in-

146 3874 150 3883 !
177 3795 444 3882 terficeretur*);
467 3798 527 3865 ubi
548 3821 626 3867 vero
649 3824 686 3866 ex
707 3799 846 3868 vulnere
859 3801 1017 3893 ,primum
1036 3799 1228 3869 convaluis-
1274 3890 1276 3894 Α

221 4093 249 4182 ¹⁵)
278 4100 346 4162 Huc
371 4100 460 4185 igitur
486 4101 613 4186 pertinet
639 4079 858 4166 Demosthenist
892 4094 965 4191 (τῂν
995 4098 1077 4160 κλεῖν
1108 4121 1225 4164 κατεα-
