2580 4680
513 252 671 358 *ao-

62 423 230 516 Philippo
253 419 348 488 fratri
370 422 551 514 imperium
573 418 722 513 reliquit
765 421 982 513 Amphipolis
1009 425 1113 516 igitur

63 548 145 612 mm,
170 549 282 618 quum
302 525 465 617 Amyntas
486 524 578 591 diem
598 547 794 615 supremum
811 524 935 606 obibat,
957 540 1017 594 'suo
1039 529 1112 597 iure

63 631 252 701 bnebatnr.
297 628 462 706 Eoenim
483 630 538 696 vix
558 645 691 695 mortuo
709 625 915 720 Iphicratem
924 629 1113 700 Athenien·

64 760 112 804 ses
138 735 181 801 in
208 734 363 824 regiones
393 730 466 799 illas
495 734 673 814 miserunt,
703 756 909 825 quamquam
936 733 985 800 {nt
1013 761 1112 804 κατα·
1191 768 1196 778 ·

64 847 162 930 σιωπῇ
191 843 314 922 μᾶλλον
340 842 405 903 τῶν
425 836 631 924 πραγμάτων,
664 835 687 922 ἦ
713 840 876 928 πολιορκίᾳ
902 843 960 923 τῆς
978 839 1108 924 πόλεως,

61 944 293 1034 Ἀμφιπολιτῶν
313 940 418 1009 αὐτῶν
439 941 573 1025 ἐχόντων
601 939 672 1007 τότε
699 940 758 1028 τῆν
778 940 869 1007 πόλιν
895 928 946 1007 nal
962 941 1025 1026 τὴν
1042 941 1111 1026 χώ-

67 1074 120 1136 ραν
138 1046 377 1135 καρπουμένοη.
421 1043 541 1111 Aesoh.
564 1073 596 1111 π.
619 1068 758 1133 παραπρ.
781 1068 815 1136 p.
843 1046 880 1113 31
914 1044 1111 1137 sslphicra·

68 1170 108 1219 tet
129 1147 336 1241 Eurydicae,
358 1149 525 1238 Amyntae
547 1149 659 1215 uxoris
680 1163 798 1238 rogatu
816 1149 1024 1231 Pausaniam,
1045 1151 1111 1216 im·

68 1257 195 1348 perium
215 1252 365 1342 Amynta
385 1270 519 1319 mortno
533 1249 791 1344 Alexandroque
810 1276 889 1318 mox
905 1253 1110 1346 interempto

72 1355 249 1425 desolatum
268 1353 485 1435 affectantem,
498 1353 698 1421 Macedonia
712 1353 849 1445 expulit,
863 1371 897 1422 et
910 1355 1041 1424 duobus
1055 1381 1111 1423 ree

69 1459 163 1554 liquis
187 1460 356 1550 Amyntac
379 1457 458 1524 filiis
475 1456 654 1524 Perdiccae
676 1475 775 1547 atque
787 1456 945 1548 Philippo
965 1482 1110 1550 regnum

66 1582 242 1655 paternum
271 1563 412 1628 servavit
433 1561 533 1654 (Nep.
558 1560 683 1653 Iphicr.
706 1561 752 1647 3).
799 1561 875 1643 Quo
897 1560 983 1628 sacto
1005 1561 1111 1628 Athe-

66 1670 205 1748 nienses,
228 1687 434 1758 quamquam
456 1667 582 1758 optime
605 1663 648 1731 de
668 1685 773 1756 regno
790 1661 1018 1731 Macedonum
1037 1690 1110 1732 mee
1165 1675 1174 1684 '

64 1774 149 1853 titos,
174 1768 395 1836 nihilominus
413 1792 488 1862 spes
505 1767 636 1848 fefellit,
658 1767 730 1835 sore
751 1784 790 1833 ut
810 1769 910 1834 tantis
931 1767 1108 1836 beneficiis

63 1876 96 1942 in
128 1872 360 1943 Macedonum
389 1896 484 1963 reges
514 1869 643 1941 collatis
673 1870 888 1965 Amphipolis
915 1872 981 1939 sibi
1010 1875 1109 1941 rasti-

63 1997 219 2046 taeretur.
266 1977 353 2044 Nam
383 1993 417 2044 et
438 1975 647 2045 Ptolemaeus
669 1974 838 2058 Alontas,
870 1978 931 2069 qui
956 1978 1108 2068 primum

61 2085 153 2178 regni
177 2105 297 2149 curam
317 2082 480 2172 suscepit,
508 2079 754 2174 Perdiccaeque
782 2097 816 2148 et
837 2079 997 2173 Philippo
1020 2104 1117 2149 non--
1184 2130 1187 2135 -
1228 2116 1232 2126 ·

62 2185 138 2253 dnm
161 2186 308 2277 imperio
329 2185 469 2251 maturis
491 2201 582 2251 tutor
603 2186 803 2252 constitutus
825 2201 883 2266 est,
907 2209 985 2252 cum
1002 2186 1109 2253 Atha-
1163 2229 1166 2232 >

62 2290 231 2357 nimsibns
255 2287 298 2354 de
319 2286 522 2382 Amphipoli
545 2287 778 2369 contendebat,
800 2290 917 2382 etqui
939 2307 1011 2356 tum
1032 2314 1107 2357 suo-

62 2396 154 2461 ausit
175 2391 352 2459 Perdiccas
384 2393 471 2460 iusto
501 2394 568 2458 iam
590 2416 668 2460 oum
694 2392 737 2457 iis
758 2389 848 2459 bello
876 2391 921 2458 de
942 2393 1028 2459 urbe
1049 2392 1106 2460 illa

57 2496 220 2565 dimicare
253 2498 391 2589 incepit
427 2495 546 2563 Aesch.
570 2494 593 2562 l.
620 2519 649 2563 c.
669 2518 704 2586 p.
725 2495 768 2562 32
790 2496 838 2561 in.
861 2493 913 2560 Cf.
931 2495 1106 2564 Demosth.

55 2626 102 2670 or.
125 2605 166 2668 in
189 2601 351 2668 Aristocr.
380 2624 415 2693 p.
442 2601 509 2690 669
534 2624 610 2693 sqq.
637 2598 688 2666 Ab
713 2596 775 2666 illo
803 2597 1024 2667 Callisthenes
1052 2597 1106 2664 di·

54 2709 144 2776 citur
161 2703 316 2771 inducias
339 2729 417 2772 cum
438 2702 599 2772 Perdicca
619 2703 756 2785 secisse,
779 2703 823 2771 ob
845 2728 928 2797 quas
949 2703 1105 2795 indigua-

54 2814 94 2880 tis
132 2809 175 2877 ab
207 2809 471 2876 Atheniensibus
499 2810 608 2902 capite
641 2805 816 2876 damnatus
850 2807 992 2876 videtur.
1047 2808 1103 2875 Ab

52 2915 121 2984 hoc
148 2912 366 2995 Timotheus,
393 2929 471 3006 post
492 2913 696 3006 Iphicratem
725 2911 794 2979 dux
820 2931 937 2980 contra
957 2914 1105 3006 Amphi-

51 3018 153 3113 polin
174 3035 333 3098 creatus„
351 3019 475 3085 acriter
504 3041 709 3110 quamquam
730 3019 939 3110 improspere
962 3040 1041 3084 cum
1061 3019 1102 3085 iis

50 3121 197 3191 bellasse
216 3121 337 3203 fertur,
358 3122 420 3214 qui
448 3137 600 3214 tempore
627 3120 689 3187 illo
716 3118 942 3213 Amphipolin
969 3120 1103 3189 obtine-

50 3242 147 3306 rent,
178 3249 326 3319 quocum
347 3226 518 3318 conspirat
546 3222 659 3294 Schol.
681 3221 724 3288 ad
753 3223 874 3290 Aesch.
904 3253 938 3293 n.
959 3252 1101 3316 παραπρ.

50 3355 86 3425 p.
112 3331 165 3411 32,
187 3330 249 3422 qui
279 3328 438 3396 archonte
465 3326 650 3395 Callimede
676 3326 755 3417 (hoc
788 3329 881 3396 enim
911 3353 1039 3399 nomen
1063 3331 1102 3398 in

53 3451 147 3503 textu
177 3455 244 3525 pro
275 3437 486 3518 Καλαμιῶνος
519 3432 793 3502 substituendum
825 3432 941 3503 docuit
968 3435 1099 3502 Corsin.

50 3539 89 3607 Β.
111 3538 155 3606 A.
180 3535 262 3604 diss.
283 3535 385 3619 Vlll,
416 3561 469 3604 nr.
496 3539 547 3622 15)
566 3538 694 3604 victum
721 3537 938 3607 Timotheum
959 3539 996 3604 in
1017 3540 1101 3607 Am-

49 3640 184 3738 phipoli
220 3639 454 3734 recuperanda
483 3639 599 3724 docet,
632 3640 672 3709 id
705 3660 755 3710 est
784 3641 923 3736 Olymp.
936 3702 939 3707 ,
954 3642 1032 3725 CV,
1070 3664 1098 3711 a.

50 3746 182 3816 Eodem
203 3747 275 3814 iam
296 3769 384 3813 anno
413 3769 519 3840 quum
541 3743 715 3816 Perdiccas
745 3748 875 3840 ingenti
900 3743 1030 3840 proelio
1056 3745 1098 3812 ab

49 3850 177 3947 Illyriis
200 3867 376 3943 superatus
397 3848 587 3932 occidisset,
615 3849 795 3945 Philippus
820 3876 961 3943 regnum
986 3868 1099 3943 pater·

49 3978 131 4029 nm
150 3955 314 4048 suscepit.
356 3954 523 4024 Adversus
543 3956 637 4024 hunc
651 3978 731 4024 vero
745 3956 899 4038 Mantias,
911 3954 1099 4024 Athenien-

48 4063 133 4134 sium
145 4081 235 4134 tunc
251 4059 412 4154 temporis
423 4060 461 4128 in
477 4059 535 4128 illa
549 4061 688 4152 regions
702 4061 897 4156 imperator,
917 4059 1096 4155 Argsaum,
