2594 4672
519 285 676 390 a

62 440 213 518 ¹circiter
225 450 483 527 Atheniensium
502 449 724 534 Siciliensem,
749 452 886 546 Olymp.
910 452 1006 522 xcfl
1036 479 1062 523 a.
1090 478 1119 538 ι,

75 554 151 646 lege
174 577 368 622 concessum
389 572 447 635 est,
470 572 508 621 ut
528 557 641 622 bini
630 580 668 622 ιιι
690 554 883 624 adornanda
904 559 1033 626 triremi
1062 585 1118 628 oc-

62 675 295 750 ,cuparentur3
318 680 423 773 eaque
440 661 524 727 ratio
548 659 810 754 obtinuitusque
833 659 877 727 ad
891 683 968 728 eum
981 687 1117 747 annum,

75 788 179 859 quo
189 754 491 829 Athenie'nsium
480 787 518 830 ιιι
553 764 723 832 Euboeam
760 765 943 858 expeditio,
980 764 1021 834 de
1052 791 1117 857 qua

73 865 176 934 modo
200 868 363 965 egimus,
371 884 487 934 contra
508 867 686 956 Thebanos
716 871 814 936 missa
844 887 900 936 est.
945 868 1001 936 Ad
1030 871 1117 938 hanc

73 971 180 1064 igitur
200 973 349 1063 primum
370 968 574 1039 voluntarios
597 950 757 1040 exstitisse
779 972 976 1055 trierarchos
993 974 1117 1043 Demo-

72 1063 349 1160 sthenestradit3
372 1093 544 1168 urguente
557 1075 772 1142 haud'dubie
799 1077 1007 1158 necessitate,
1036 1081 1116 1171 quia

71 1180 245 1272 praecepti
267 1180 334 1245 iam
355 1177 627 1247 antecedentibus
648 1179 746 1247 bellis
769 1183 793 1247 ii
815 1198 906 1262 sunt,
930 1182 1053 1274 quibus
1076 1207 1116 1249 ex

45 1277 48 1281 ’
72 1282 148 1375 lege
172 1280 384 1350 adornandae
405 1304 503 1348 nares
526 1291 648 1362 essent,
673 1302 705 1350 et
726 1306 844 1375 magna
865 1303 1036 1375 praeterea
1060 1310 1116 1353 eo-

71 1413 151 1457 rum
172 1409 249 1478 pars
272 1387 309 1451 in
331 1384 531 1452 Macedonia
552 1387 620 1453 iarn
642 1387 854 1480 Thraciaque
877 1389 1113 1481 occupabatur,
1195 1383 1203 1388 ”
1252 1432 1259 1443 ι

70 1493 134 1559 nbi
163 1488 280 1558 eodem
303 1491 377 1581 ipso
406 1507 555 1581 tempore
586 1489 677 1557 bella
704 1491 923 1559 Athenienses
956 1493 1115 1582 gerebant

71 1591 128 1682 (cf.
165 1617 237 1686 cap.
275 1595 325 1676 II,
355 1617 407 1660 ιιι.
447 1617 458 1659 1
484 1612 534 1661 et
569 1618 640 1687 cap.
670 1594 728 1675 IV,
763 1601 821 1683 9),
854 1594 1003 1660 subsidia
1036 1618 1114 1662 vero

71 1697 112 1763 in
140 1697 311 1765 Euboeam
338 1699 440 1765 nimis
470 1715 564 1764 erant
589 1696 804 1779 maturanda,
834 1721 936 1790 quarn
968 1712 1009 1764 ut
1034 1700 1114 1766 novi

65 1802 247 1870 ‚ariera-chi
267 1801 341 1897 lege
363 1800 473 1869 adhuc
496 1801 652 1870 constitui
671 1820 817 1894 possent.
837 1841 881 1854 -
902 1799 959 1868 Ad
980 1800 1115 1869 cosdem

69 1902 272 1974 voluntarios
309 1893 529 1974 trierarchos
524 1904 725 1997 ,confugere
763 1907 877 1979 civitas
919 1905 972 1970 bis
1003 1905 1114 1976 adhuc

70 2027 223 2101 tempore
245 2010 354 2076 statim
380 2011 571 2106 insequenti
599 2027 710 2076 coacta
732 2026 796 2090 est,
828 2033 895 2102 qua
924 2008 966 2074 de
995 2033 1032 2075 re
1055 2035 1115 2077 eu-

69 2112 182 2180 diatur
203 2114 275 2203 ipse
297 2114 538 2181 Demosthenes
559 2112 633 2180 loco
655 2113 722 2179 huc
748 2135 849 2205 quam
870 2115 1014 2181 maxime
1035 2139 1114 2206 per-

69 2218 218 2296 tinente,
249 2218 287 2281 in
313 2239 361 2284 or.
383 2216 468 2282 Mid.
498 2242 532 2309 p.
567 2217 648 2284 566:
680 2218 818 2303 ἐγένοντο
851 2220 906 2293 εἰς
937 2217 1113 2300 Εὔβοιαν
1225 2265 1239 2279 ,Α

25 2370 28 2381 .
71 2315 269 2394 ἐπιδόσεις
289 2314 374 2406 παρ’
395 2317 484 2402 ὑμῖν
505 2325 675 2405 nocitus:
696 2320 816 2386 τοιιτων
837 2314 945 2404 odaia
963 2325 1110 2405 Μειδίας,

68 2421 138 2490 ἀλλ’
160 2419 245 2506 ἐγώ,
269 2421 320 2486 και
342 2420 585 2508 συντριήραρχος
604 2411 719 2506 depos
744 2427 869 2498 Φιλῖνος
895 2420 914 2488 ὅ
935 2426 1115 2513 Macatoni-

67 2548 138 2594 τοι·
168 2526 271 2612 ιἰεραι
296 2523 435 2612 δεύτεραι
454 2524 534 2608 μετὰ
554 2530 656 2591 ταῦτα
677 2516 721 2602 ric
739 2524 909 2613 Ὄλυνθον,
934 2529 1036 2614 τρίται
1058 2535 1114 2594 νῦν

68 2621 162 2696 novat
183 2626 343 2714 γεγόνασιν
364 2627 532 2706 ἐπιδόσεις.
568 2629 608 2694 In
630 2628 753 2722 qulbus
764 2651 828 2695 vox
850 2621 942 2696 αυται
964 2630 1113 2724 largitio-
1163 2653 1174 2667 ‘

68 2745 127 2798 nes
158 2731 336 2822 significat,
370 2750 456 2823 quae
490 2749 641 2831 erogatae
671 2749 751 2799 sunt
784 2729 827 2799 ad
841 2733 1111 2849 expeditionem

37 2886 39 2890 ,
68 2836 251 2917 Plutarchi,
273 2835 473 2902 Eretriensis
496 2836 629 2927 tyranni
651 2822 812 2904 auxilio
802 2861 839 2902 ιιι
841 2815 1034 2905 Euboeam
1055 2863 1112 2906 su·

69 2958 215 3031 ereptam
250 2938 387 3032 Olymp.
412 2939 490 3006 GVI
524 2964 550 3005 a.
573 2942 605 3009 3
649 2940 692 3007 V
709 2939 834 3007 Βὸοιιιι.
855 2941 996 3008 iibcrd
1020 2944 1111 3011 Zeit·
1203 2992 1204 2996 ,

30 3130 32 3137 Ι
68 3044 282 3113 verhiltnisse
300 3042 366 3109 ‘der
386 3044 425 3110 R.
449 3068 478 3135 g.
501 3040 606 3112 Meid.
636 3045 674 3110 in
695 3045 787 3110 Actis
809 3044 912 3121 Acad.
934 3043 1044 3123 Berol.
1067 3047 1108 3112 A.

72 3151 264 3238 1818-19.
311 3147 361 3214 Cl.
385 3146 505 3214 Philol.
527 3173 561 3240 p.
584 3147 627 3214 60
650 3170 700 3238 sq.
746 3145 810 3212 Illa
831 3147 934 3240 igitur
955 3152 1120 3241 superior·

64 3251 236 3344 ,expeditio
260 3248 464 3319 Euboeensis
487 3276 560 3318 earn
581 3249 759 3342 significat,
781 3275 866 3344 quae
880 3251 1016 3344 Olympss
1036 3253 1108 3338 CV,

68 3358 88 3427 3
112 3358 210 3423 missa
232 3374 308 3422 esta
331 3353 495 3435 'Ceterum
517 3351 633 3423 eadem
655 3352 697 3420 de
712 3377 750 3420 re
763 3354 805 3423 ef.
818 3354 958 3426 Boethii
978 3356 1126 3425 iibrum-

68 3459 92 3528 ει
116 3485 144 3528 c.
167 3458 244 3530 Vol.
267 3451 320 3544 il,
331 3486 366 3553 p.
390 3460 426 3526 in
447 3459 568 3554 primis
590 3459 762 3554 86-101.
1128 3468 1130 3473 ’
