2594 4672
697 275 763 344 292

651 365 807 376 ...ι-

211 444 394 511 accuratius
416 443 487 532 ipse
510 464 669 532 quaerere
692 443 799 534 coepi.
844 441 914 533 Ipsi
942 461 1021 506 vero
1052 441 1140 508 mihi
1163 446 1255 511 inter

211 549 315 613 varias
344 545 550 614 coniecturas
582 543 874 637 dubitationesque
901 545 1077 611 fluctuanti
1106 550 1255 616 occurrit

211 649 406 730 Boechhius‚
430 651 619 741 insignique
641 675 700 715 sua
722 673 800 743 erga
821 673 875 715 me
902 647 1137 716 benevolentia
1159 676 1255 718 suam

211 754 304 836 misit
324 752 368 819 dc
390 754 605 820 archontibus
627 752 910 845 pseudeponymis
923 755 1254 838 commentationem,

212 882 311 949 supra
333 859 399 921 iam
421 875 512 947 grato
535 882 554 922 a
574 880 628 922 me
651 859 762 923 animo
775 874 1075 923 commemoratam.
1122 858 1163 922 ln
1187 884 1255 950 qua

213 961 351 1029 arduam
380 958 472 1026 illam
502 963 727 1053 quaestionem
763 961 813 1026 ita
840 984 918 1026 sane
948 957 1089 1026 solutam
1125 965 1253 1052 reperi,

213 1085 251 1132 nt
271 1067 307 1131 in
329 1088 457 1130 summa
479 1083 568 1131 certe
589 1064 818 1132 Boechhianae
840 1064 1007 1155 opinionis
1037 1066 1256 1156 acquiescen-

213 1168 295 1235 dnm
316 1168 400 1233 mihi
422 1170 560 1236 omuino
581 1163 748 1235 videatur*

303 1273 412 1355 Quam
433 1273 476 1340 ob
499 1296 573 1338 rem
594 1271 822 1340 desistendum
842 1271 900 1339 hic
922 1269 990 1338 iam
1011 1273 1110 1339 nobis
1132 1298 1153 1338 a
1168 1293 1257 1368 'pro-

213 1377 321 1469 posito
349 1395 478 1471 nostro,
518 1394 550 1442 et
580 1377 657 1444 finis
686 1395 771 1443 esset
802 1376 1168 1468 operi‘imponendus,
1188 1381 1256 1448 nisi

214 1482 364 1573 quaestio
388 1478 430 1546 de
453 1481 667 1549 archontibus
688 1480 973 1574 pseudcponymis
996 1483 1033 1547 in
1054 1483 1257 1551 Demosthe-

213 1588 266 1652 nis
289 1586 438 1655 oratione
465 1585 507 1652 de
529 1609 596 1654 cor.
617 1608 694 1679 pars
715 1583 924 1653 solummodo
948 1584 1121 1676 amplioris
1145 1589 1256 1655 cuius-

215 1689 294 1757 dam
315 1707 399 1756 esset
426 1688 627 1781 argumenti,
655 1692 751 1756 cuius
784 1690 1019 1757 accuratiorem
1050 1693 1256 1782 pervestiga-

215 1797 342 1862 tionem
363 1796 479 1886 utique
511 1795 614 1886 erigit
634 1793 738 1874 ratio,
767 1818 868 1885 quam
891 1791 995 1859 secuti
1016 1815 1118 1883 supra
1140 1818 1255 1865 snmus

215 1903 252 1966 in
292 1896 502 1989 explorandis
545 1898 645 1964 rebus
672 1921 851 1989 rerumque
887 1896 1105 1988 temporibus.
1167 1898 1256 1968 Nem

215 2000 307 2095 quod
337 2002 373 2067 in
407 2004 551 2067 maxima
583 2003 899 2069 commentariorum
933 2015 1124 2090 nostrornm
1155 2012 1254 2095 parte
1291 2015 1292 2019 ’

213 2125 519 2186 monumentorum,
543 2129 628 2198 quae
651 2107 792 2172 orationi
816 2103 858 2171 de
873 2127 995 2172 corona
1017 2104 1140 2172 inserta
1160 2121 1251 2185 sunt,

215 2211 442 2279 auctoritatem
474 2211 576 2277 secuti
605 2235 738 2292 sumus,
772 2209 810 2275 id
837 2227 928 2276 certe
965 2207 1124 2289 fecimus,
1160 2205 1254 2302 quod

215 2314 319 2383 fidem
340 2338 457 2383 eorum
478 2332 584 2381 ratam
606 2338 674 2382 esse
696 2337 759 2404 nee
773 2309 1035 2380 addubitandam
1052 2315 1252 2395 censuimus.

215 2419 284 2489 Sed
312 2421 428 2513 opinio
454 2419 537 2486 baec
565 2419 673 2486 adhuc
707 2417 820 2510 aliqua
846 2441 900 2483 eu⁴
922 2433 1016 2508 parte
1048 2416 1253 2486 demonstra-

214 2526 339 2593 tionem
367 2522 542 2591 desiderat.
594 2522 680 2590 Nam
703 2520 752 2598 ,in
780 2522 1007 2589 monumentis
1036 2519 1103 2588 illis
1133 2524 1253 2589 mirum

214 2628 321 2696 sehoe
337 2629 486 2718 primum
509 2626 612 2705 offert,
636 2627 728 2717 quod
746 2622 1013 2717 solummodoad
1033 2625 1185 2692 mediam
1201 2650 1271 2710 uss

215 2755 280 2823 que
290 2731 472 2798 orationem
485 2731 713 2809 inveniuntur,
727 2733 765 2795 in
778 2728 908 2823 reliqua
921 2736 1016 2822 parte
1031 2731 1153 2797 omissa
1164 2748 1253 2816 sunt3

214 2853 285 2902 tum
308 2833 417 2927 quod,
445 2857 511 2900 una
539 2852 672 2926 excepta
699 2835 873 2902 Aeschinis
902 2833 1128 2917 accusatione,
1157 2851 1254 2929 quotr

214 2956 297 3033 quot
324 2962 438 3008 eorum
472 2937 604 3004 decreta
631 2956 708 3004 sunt
735 2938 853 3030 populi
887 2955 920 3004 et
948 2954 1096 3019 senatus,
1135 2961 1174 3005 ea
1202 2963 1254 3005 ar-

214 3045 350 3113 chontes
373 3042 449 3112 illos
471 3042 664 3135 praeferunt
685 3042 991 3135 pseudeponymos3
1014 3039 1140 3107 deinde
1162 3040 1253 3134 quod

214 3151 251 3215 in
274 3147 415 3215 decretis
443 3147 571 3215 duobus
602 3147 722 3240 primis
750 3171 880 3214 menses
910 3164 943 3213 et
970 3144 1042 3222 dies
1072 3163 1164 3213 certe
1193 3145 1253 3212 fal-

214 3274 266 3318 sos
288 3275 357 3319 esse
380 3253 569 3333 docuimus,
600 3254 637 3318 in
664 3250 789 3327 eisdem
812 3251 875 3317 alia
907 3249 1253 3344 quoquedeprehen·

215 3354 333 3434 dimus,
357 3380 441 3447 qnae
465 3360 565 3427 etiam
587 3372 701 3426 rerum
723 3358 818 3422 uerae
842 3354 1031 3422 conditioni
1052 3337 1252 3446 reptignent,

214 3457 357 3549 denique
381 3460 473 3551 quod
495 3460 578 3526 aliae
603 3463 701 3528 etiam
723 3459 871 3526 resident
892 3457 1112 3539 difficultates,
1136 3458 1252 3550 quibus

214 3563 417 3629 excutiendis
450 3588 550 3656 supra
580 3566 690 3630 minus
724 3562 918 3632 commodus
945 3562 1037 3629 locus
1066 3559 1251 3631 videbatur.

215 3669 306 3751 Quae
335 3670 447 3734 omnia
474 3693 552 3734 sene
582 3667 746 3736 eiusmodi
776 3685 869 3746 sunt,
899 3684 937 3732 ut
963 3667 1030 3732 nisi
1061 3663 1104 3732 ad
1133 3690 1251 3735 monu-

212 3789 400 3838 mentorum
423 3771 543 3866 horum
565 3774 793 3840 auctoritatem
809 3789 848 3838 ‚et
872 3769 976 3836 fidem
998 3771 1140 3839 omnino
1164 3793 1252 3840 ever·

183 3899 186 3906 ’
212 3874 348 3943 tendam
376 3873 523 3955 valeant,
553 3874 670 3942 multas
701 3895 811 3943 tamen
848 3873 988 3940 offerant
1015 3871 1250 3956 dubitationes,

212 3976 293 4072 quas
321 3978 514 4049 removendi
546 3980 682 4046 omnino
717 3979 814 4046 nobis
841 3975 1029 4044 faciendum
1061 3980 1251 4070 periculum

210 4100 323 4154 restat,
353 4080 568 4170 ,Illustranda
589 4082 700 4176 ¹igitur
729 4081 838 4151 adhuc
868 4098 916 4152 est
948 4082 1104 4151 universa
1133 4107 1250 4156 monu-
