2594 4672
537 236 580 314 ³
639 273 803 380 ‘'..m

209 440 442 537 argumentum
471 454 556 524 esset
583 442 742 509 orationis
771 455 901 505 nostrae
928 433 970 502 de
992 429 1236 519 Haloneso'Dt!

206 546 374 618 mostheni
396 543 649 612 abiudicandae.
693 543 868 611 Accedunt
889 540 932 607 ad
954 551 1189 632 argumentum
1199 538 1252 719 ⁵

161 735 163 738 v
207 653 270 724 lud
290 651 352 718 alia
368 673 416 719 sex
437 651 571 716 interna
593 649 751 732 orationis
780 645 893 715 indole
914 647 1028 739 petita,
1052 646 1206 738 quibus·⁸
1226 690 1245 743 .'

211 743 386 851 gacissirde
412 778 431 819 a
461 752 602 820 Libanio
631 753 790 845 expo-sitis,
814 752 850 817 in
884 747 1033 818 ὑποθέσει
1063 749 1108 816 ad
1135 775 1186 819 or.
1205 746 1256 829 ὗ,

206 860 337 937 Halon.=
359 858 585 931 recentiorum
607 859 705 922 etiam
729 857 844 948 opinio
867 851 910 920 de
936 852 1162 922 abiudicanda
1184 856 1259 937 Νη

72 1033 75 1040 ,
123 981 129 1001 ‘
206 960 373 1033 mostheni
401 962 551 1028 oratione
580 962 745 1027 innititur.
797 961 856 1025 His
886 948 1266 1051 17111111111111111111ϋῖ1

210 1068 320 1136 adhuc
349 1064 492 1131 rhetoris
526 1063 618 1131 illius
645 1081 876 1156 argumentum
911 1060 1105 1154 diligentius
1135 1054 1270 1156 perd-4²

208 1175 303 1264 quar.
347 1169 485 1235 Veteres
507 1169 575 1236 iam
598 1170 687 1234 enim
702 1167 786 1234 dicit
808 1166 850 1234 de
873 1167 1022 1234 oratione
1044 1165 1117 1249 hac,
1140 1192 1190 1235 an
1208 1155 1251 1237 o

206 1272 451 1353 Demosthenis,
481 1271 656 1353 dubitasse,
678 1270 844 1363 fuisseque
874 1272 962 1337 inter
991 1293 1047 1337 eos
1074 1269 1269 1364 quosdam·

208 1380 268 1470 qui
297 1401 371 1443 eam
400 1377 584 1471 Hegesippi
607 1379 690 1469 opus
722 1399 791 1442 esse
820 1373 1071 1443 contenderent.
1121 1375 1247 1445 Eadm
1281 1444 1286 1459 ,

123 1505 126 1515 “
207 1479 302 1548 Suid.
331 1506 360 1548 v.
378 1477 585 1568 Ἡγήσιππος.
637 1480 728 1546 Haec
759 1480 873 1571 opinio
896 1477 980 1560 aliis,
1003 1502 1089 1570 quae
1109 1479 1248 1554 historio
1287 1484 1289 1489 ’

135 1634 138 1645 ,
207 1582 413 1679 suppeditat,
443 1586 664 1677 argumentis,
696 1584 832 1650 omnino
867 1582 1079 1676 comprobari
1105 1583 1248 1654 videtur.

208 1689 349 1756 Certum
378 1705 426 1754 est
455 1681 565 1770 enim,
597 1686 688 1780 quod
719 1688 786 1752 iam
815 1687 973 1752 Libanius
1004 1687 1252 1772 animadvertit,

207 1794 436 1886 Hegesippum
459 1791 500 1857 ab'
523 1790 639 1857 eadem
662 1816 740 1856 cum
762 1792 987 1859 Demosthene
1005 1809 1101 1884 parte
1122 1792 1163 1858 in
1185 1795 1256 1860 rei·

168 1886 361 1988 >publicae
401 1892 633 1984 gubernaculis
678 1893 831 1961 adversus
874 1893 1073 1987 Philippum
1110 1898 1252 1966 stetisse.

206 2002 294 2069 Eum
322 1998 562 2066 Demosthenes
592 1995 651 2083 (de
680 2020 747 2065 cor.
775 2023 810 2091 Ρ.
841 1999 919 2089 250)
949 2016 1117 2068 auctorem
1150 1996 1255 2070 vocat

208 2102 334 2170 decreti
357 2119 472 2170 contra
493 2099 692 2194 Philippum
720 2102 841 2168 iisdem
871 2099 1034 2170 derebus
1060 2103 1135 2187 lati,
1165 2128 1257 2198 qua-

206 2232 283 2273 rum
304 2205 368 2274 sibi
390 2206 455 2299 ipsi
477 2205 582 2272 ullam
603 2204 703 2272 fuisse
715 2209 990 2285 communionem
1000 2226 1108 2302 negat.
1153 2207 1254 2277 Idem

155 2383 157 2386 ,
206 2336 285 2379 cum
306 2311 532 2390 Demosthene
559 2309 760 2402 legationem
789 2311 832 2377 ad
862 2314 1007 2379 civitates
1035 2311 1254 2406 Peloponne-

205 2418 307 2484 siaeas
330 2442 350 2482 a
374 2413 526 2509 Philippi
548 2416 706 2482 societate
736 2415 967 2484 abalienandas
993 2415 1079 2484 obiit
1111 2408 1252 2512 Olymp.

207 2520 297 2603 CIX,
321 2544 352 2587 2.
396 2519 544 2613 Philipp.
557 2519 606 2585 ΙΙΙ
627 2544 661 2612 p.
686 2542 755 2610 129.
802 2520 854 2588 Cf.
878 2545 949 2613 cap.
972 2520 1072 2587 h.nr.
1098 2523 1127 2608 5,
1174 2523 1252 2590 Pria

205 2648 279 2692 mus
309 2622 365 2690 ille
394 2647 513 2714 pacem
547 2648 626 2690 cum
654 2621 811 2719 Philippo
852 2623 1005 2697 dissuasit
1041 2624 1170 2709 (Schol.
1209 2621 1255 2694 ad

205 2729 304 2797 Dem.
327 2755 360 2796 π.
373 2752 512 2815 παραπρ.
535 2751 570 2821 Ρ.
594 2726 681 2813 364),
704 2747 738 2795 et
758 2743 898 2822 propter
919 2728 1090 2796 infensum
1110 2730 1148 2796 in
1172 2747 1255 2800 eum

206 2835 357 2900 animum
379 2849 447 2898 tam
468 2853 588 2924 parum
611 2847 763 2924 exceptus
784 2831 943 2928 Philippo
966 2833 1047 2916 suit,
1074 2851 1112 2900 ut
1134 2835 1256 2904 Xeno-

206 2936 340 3019 clidem,
361 2935 529 3029 hospitem
551 2935 632 3017 eius,
654 2935 730 3003 ideo
755 2938 847 3031 quod
866 2956 947 3005 *eum
964 2928 1152 3030 recepisset,
1175 2938 1255 3005 Ma-

207 3031 347 3111 cedonia
375 3042 509 3107 iusserit
534 3038 702 3110 excedere.
745 3041 844 3109 Dem.
875 3071 908 3110 π.
939 3069 1078 3132 arpano.
1101 3062 1142 3134 p.
1172 3042 1252 3134 447.

207 3146 260 3214 Cf.
284 3144 418 3214 Ruhnk.
447 3132 526 3213 hist.¹
559 3145 632 3213 crit.
666 3169 732 3213 orr.
757 3145 816 3229 Gr.
839 3172 874 3240 Ρ.
902 3148 962 3216 156
983 3171 1033 3240 sq.
1056 3144 1079 3212 l.
1103 3170 1138 3212 c.-
1178 3149 1254 3214 11111-Ι

144 3281 149 3289 ’
207 3268 279 3317 ctor
300 3267 371 3318 tum
394 3273 442 3318 or.
466 3247 509 3315 de
531 3247 654 3317 Halon.
678 3274 846 3318 accusasse
873 3275 907 3318 se
931 3249 1124 3345 Callippum
1146 3251 1254 3318 Paea-

205 3355 357 3419 niensem
378 3352 461 3420 dicit
482 3353 531 3446 (p.
554 3356 623 3444 87),
639 3355 738 3446 'quod
760 3344 949 3450 psephisma
962 3352 1289 3450 scripsissetutile·‘

207 3455 396 3538 Gordianis,
419 3456 678 3524 Atheniensibus
702 3457 918 3542 damnosum,
942 3458 1033 3553 quod
1056 3461 1169 3553 ipsum
1192 3461 1251 3527 Li-

145 3615 149 3624 .
204 3556 323 3655 barrius
357 3579 469 3628 censet
504 3559 610 3628 videri
640 3584 709 3627 non
738 3564 1004 3631 aDcmosthene
1033 3562 1092 3630 sed
1115 3563 1157 3651 ab
1180 3563 1249 3654 He-

206 3666 344 3758 gesippo
371 3664 497 3731 factam
524 3687 605 3732 esse.
651 3665 723 3731 lam
751 3660 828 3736 vero
851 3669 1003 3734 omnium
1025 3667 1247 3735 clarissimum

204 3765 369 3834 indicium
399 3767 470 3836 veri
499 3769 657 3838 orationis
686 3767 776 3836 illius
803 3774 947 3840 auctoris
980 3774 1132 3840 invenire
1152 3769 1248 3836 'mihi

203 3870 319 3940 videor
339 3858 380 3937 111
398 3871 471 3964 ipsa
492 3869 534 3938 de
556 3871 675 3940 Halon.
704 3897 752 3942 or.
782 3899 816 3967 p.
836 3894 892 3966 77.
938 3876 990 3943 Ibi
1017 3878 1108 3943 enim
1134 3891 1255 3942 orator·

204 3974 352 4066 legatum
373 3998 409 4041 se
430 3973 474 4042 ad
495 3973 692 4069 Philippum
720 3979 858 4046 missum
880 3980 981 4047 fuisse
1004 3978 1122 4061 refert,
1154 3976 1249 4069 quod

202 4076 293 4148 haud
316 4076 375 4150 diu
397 4096 474 4152 ante
495 4081 603 4177 ipsam
623 4082 810 4219 gratiorem
832 4083 1006 4171 acciderit,
1028 4106 1164 4154 necesse
1187 4101 1248 4153 est.
