2594 4672
508 223 510 229 ’
561 254 718 359 m..

210 424 303 511 Quae
332 425 443 489 omnia
474 444 579 516 quum
613 445 651 488 eo
686 421 864 489 convenire
898 418 1088 506 videantur,
1125 439 1175 492 ut

63 527 296 594 decretum
329 527 394 593 hoc
425 524 679 619 Demosthenis,
712 524 806 618 quod
843 523 1025 592 Aeschines
1058 525 1167 610 affert,

121 632 271 726 primum
295 655 363 698 esse
389 629 430 696 de
452 630 625 699 moenibus
647 629 838 696 reficiendis
852 629 961 722 deque
982 639 1170 714 τειχοποιῶν

124 734 257 802 delectu
283 735 438 804 tributim
464 733 620 801 habendo
648 752 844 815 statuamus,
873 730 968 798 nulla
996 758 1036 800 ex
1068 753 1170 826 parte

124 840 283 908 archonte
307 838 505 906 Chaeronda
526 837 633 905 latum
655 862 723 905 esse
744 855 871 931 potest3
900 835 960 902 sed
987 836 1095 903 latum
1118 856 1174 906 est

122 941 377 1036 Lysimachide,
412 944 472 1034 qui
504 942 739 1010 Chaerondam
764 959 996 1032 praecesserat.
1046 943 1173 1034 Itaque

124 1051 173 1115 snt
200 1049 424 1131 Λυσιμαχίδου
454 1046 606 1131 ἄρχοντος
612 1097 622 1129 ,
664 1050 883 1134 Θαργηλιῶνος
909 1045 1008 1130 μηνὸς
1036 1049 1173 1138 δευτὲρρι

123 1152 294 1241 φθίνοντος
314 1177 341 1216 κ.
364 1176 392 1216 τ.
414 1157 443 1215 λ.
465 1148 659 1220 dicendum„
667 1150 828 1218 Aeschini
849 1166 932 1231 erat,
956 1147 1048 1240 quod
1068 1174 1174 1242 prae-

124 1255 227 1319 fixum
249 1254 286 1318 in
309 1251 442 1320 decreto
469 1254 670 1321 inveniebat.
715 1253 824 1344 quue
851 1251 1026 1319 manifesto
1047 1255 1174 1320 recita-

124 1373 219 1424 turus
252 1375 322 1422 erat
346 1349 522 1423 scriba'ex
546 1358 620 1450 ipso
654 1355 788 1424 decreto
815 1353 1060 1422 Demosthenis.
1110 1359 1173 1439 At,

124 1458 219 1551 quod
247 1458 303 1525 hic
335 1462 477 1526 maxime
508 1460 763 1529 memorandum
794 1477 856 1540 est,
888 1457 1070 1526 Aeschines
1081 1460 1173 1554 *ipse

122 1563 180 1630 hic
211 1581 289 1630 ante
317 1565 461 1631 scribam
489 1582 621 1657 tempus
660 1563 796 1646 definit,
827 1562 919 1656 quod
945 1587 1015 1630 non
1042 1564 1174 1634 fecerat

125 1684 221 1734 antea
250 1668 288 1733 in
318 1665 512 1747 definiendo
543 1692 581 1736 eo
617 1687 782 1761 tempore,
814 1691 882 1759 quo
910 1666 1016 1734 factus
1039 1668 1173 1737 Demo-

31 1861 33 1864 Α
125 1771 279 1838 sthenes
277 1773 330 1838 sit
357 1772 498 1841 theorici
528 1791 692 1866 quaestor.
741 1772 814 1839 Hoc
836 1796 906 1838 non
929 1789 1053 1838 temere
1075 1773 1170 1856 facit,

125 1874 185 1942 sed
207 1874 369 1945 consulto.
397 1879 527 1976 Atque
550 1902 655 1969 quum
676 1876 718 1942 de
739 1899 820 1944 voce
840 1875 1030 1964 Χαιρώνδου
1058 1880 1173 1968 suspi-

126 1980 217 2046 cioni
237 1979 332 2046 locus
354 1965 466 2048 nullus
489 2006 557 2049 esse
568 1999 683 2074 posstt,
708 2001 747 2047 ex
768 1978 968 2047 Chaeronda
981 1980 1170 2048 dicendum

126 2100 176 2149 est
195 2081 339 2149 voluisse
367 2085 568 2152 Aeschinem
599 2104 728 2177 tempus
757 2079 887 2165 decreti
919 2084 1013 2150 illius
1041 2085 1168 2152 Demo-

126 2185 255 2254 sthenei
271 2185 452 2278 designare,
475 2188 567 2281 quod
579 2213 618 2255 ex
632 2187 864 2281 Lysimachide
877 2185 1074 2279 definiturus
1096 2205 1170 2255 erat

127 2292 247 2376 scriba3
260 2324 262 2329 v
276 2315 344 2373 seu,
369 2287 461 2384 quod
484 2293 718 2362 Chaerondam
739 2292 849 2359 clades
872 2292 915 2357 ad
939 2292 1172 2360 Chaeroneam

126 2393 373 2478 nobilitaverat,
404 2423 467 2490 per
496 2424 598 2490 quam
626 2424 645 2464 a
674 2397 899 2466 Demosthene
927 2398 964 2462 in
999 2398 1173 2465 civitatem

127 2517 332 2567 contractam
353 2527 526 2570 murorum
548 2502 808 2570 reficiendorum
830 2502 1008 2569 necessitas
1030 2503 1082 2567 rei
1104 2528 1177 2594 pu-

124 2603 234 2670 blicae
257 2623 341 2670 essct
361 2607 523 2689 iniuncta,
545 2631 604 2672 seu
626 2606 689 2672 alia
708 2604 854 2698 'quadam
869 2604 910 2672 de
922 2629 1029 2672 causa.
1075 2606 1172 2690 Quid

81 2718 82 2721 ’
126 2705 257 2775 multa?
279 2707 349 2795 πρὸ
371 2710 432 2796 γὰρ
453 2709 642 2795 Χαιρώνδου
663 2709 829 2800 ἄρχοντος,
863 2713 1084 2798 Θαργηλιῶνος
1104 2738 1172 2797 μη-

123 2810 181 2888 νὸς
212 2810 329 2898 ἔγραψε
358 2812 510 2902 ψήφισμα
538 2815 751 2901 Δημοσθένης
783 2814 902 2882 dixisse
925 2839 1001 2880 eum
1023 2831 1174 2882 statuen-

127 2913 212 2981 dum
234 2933 292 2998 est,
315 2915 352 2981 id
374 2916 466 3008 quod
488 2919 619 3012 egregie
641 2920 785 2987 coniecit
801 2918 988 2987 Boechhius
1000 2919 1053 3008 (in
1068 2919 1172 2987 Com-

97 3015 99 3020 ’
127 3036 230 3087 ment.
254 3018 296 3086 de
318 3022 504 3089 archontih.
526 3022 733 3117 pseudepon.
759 3047 795 3115 p.
817 3026 887 3108 31),
910 3022 1081 3091 insolitam
1101 3022 1173 3092 for-

127 3122 268 3207 mulam,
301 3124 441 3210 addens,
470 3125 622 3194 fraudem
643 3126 759 3195 fecisse
785 3127 838 3195 vel
861 3128 1005 3195 librariis
1026 3127 1082 3194 vel
1105 3130 1174 3194 cri-

122 3228 201 3326 ticis
223 3230 386 3321 antiquis,
418 3233 478 3326 qui
507 3230 550 3299 ad
571 3233 722 3300 usitatam
748 3231 924 3303 formulam
950 3234 998 3308 eo
1020 3233 1173 3321 Χαιρών

129 3333 186 3398 δον
209 3329 339 3452 delapsi
359 3336 435 3402 sint.
479 3337 525 3403 Et
545 3339 736 3406 coniectura
768 3337 851 3404 haec
878 3335 1059 3406 obtinenda
1082 3354 1172 3403 certe

129 3436 269 3504 omnino
293 3437 375 3518 erit,
397 3437 503 3508 donec
525 3465 564 3507 ex
585 3441 756 3508 Plutarchi
778 3443 972 3510 auctoritate
995 3442 1171 3522 constabit,

57 3570 62 3580 ·
129 3537 261 3607 cladem
292 3540 562 3612 Chaeronensem
592 3545 745 3638 Olymp
743 3546 840 3626 CX,
872 3548 891 3615 3
926 3547 1172 3636 Metagitnione

130 3643 302 3726 accidisse,
325 3645 440 3727 sicuti,
464 3651 751 3741 exsuperioribus
774 3649 912 3718 calculis
934 3651 1067 3730 nostris,
1092 3674 1173 3718 con-

129 3749 225 3816 tinuo
247 3766 323 3842 post
343 3745 435 3816 illam
455 3754 587 3820 moenia
607 3755 817 3822 Athenarum
836 3756 931 3822 refici
953 3772 1087 3845 coepta,
1116 3778 1174 3821 ea-

130 3878 197 3945 que
218 3856 290 3947 ipsa
311 3871 503 3945 tempestate
525 3858 785 3932 Demosthenem
807 3884 876 3926 esse
897 3866 1075 3944 τειχοποιοῦ
1096 3884 1173 3927 mu-

128 3981 210 4026 nere
241 3958 402 4026 functum.
446 3962 560 4054 Atque
592 3965 620 4028 si
650 3967 710 4052 πρὸ
739 3967 799 4053 γὰρ
820 3964 1009 4053 Χαιρώνδου
1031 3958 1173 4057 legatur,

61 4132 62 4135 ,
126 4085 204 4131 vora
236 4065 315 4133 iam·
334 4065 433 4134 etiam
456 4090 553 4135 causa
572 4066 730 4162 liquebit,
761 4093 820 4137 cur
849 4070 1048 4150 Aeschines,
1080 4080 1175 4138 antc-
