2594 4672
580 253 736 365 Q

100 458 102 464 s
139 418 253 510 lippus
275 433 333 485 aut
352 416 541 484 versabatur
569 415 679 484 adhuc
705 417 743 490 in
771 414 928 511 Scythica
954 419 1182 511 expeditione,

140 544 240 612 quam
260 521 410 610 Byzantii
433 519 608 597 obsidione
628 521 816 588 intermissa
837 539 1035 612 susceperat,
1058 541 1118 590 aut
1139 549 1182 592 ex
1210 511 1214 519 ⁸

138 647 178 691 ca
199 621 337 690 domum
357 622 499 705 redibat,
521 625 568 691 ita
588 640 627 689 ut
647 623 887 692 Demosthenes
914 624 1182 697 Hecatombaeo-

136 729 189 793 nis
211 727 331 795 ultimo
354 726 535 794 decernere
557 728 695 795 omnino
717 729 882 818 potuerit,
904 726 1021 822 legatis
1043 731 1182 825 Philip-

134 855 219 923 pum
241 834 313 899 sine
334 853 429 898 mora
450 831 644 914 adeundum
666 854 750 912 esse,
773 832 980 924 ubicumque
1002 856 1082 900 cum
1103 861 1182 904 ver·

135 937 203 1003 sari
224 937 461 1027 compererint,
483 936 567 1001 iuris
589 934 725 1003 iurandi
737 936 895 1003 citissime
906 935 1058 1028 exigendi
1078 963 1181 1016 causa

130 1039 318 1131 dandique,
339 1038 477 1106 fortasse
498 1062 542 1105 ne
563 1039 600 1106 in
623 1062 673 1120 eo,
696 1039 756 1131 qui
778 1055 851 1106 tum
871 1062 987 1107 rerum
1007 1041 1045 1107 in
1070 1041 1182 1112 Grac-

115 1138 188 1220 'cia
214 1159 314 1210 status
343 1160 431 1222 erat,
470 1142 608 1211 domum
642 1160 782 1235 repente
813 1167 963 1211 reversus
995 1143 1180 1239 Philippus

134 1248 283 1340 graviora
304 1244 457 1314 adversus
479 1247 699 1316 Athenienses
729 1246 842 1315 denuo
863 1247 1123 1333 machinaretur,
1148 1256 1180 1323 si

133 1354 337 1419 sacramento
360 1350 513 1419 noudum
535 1369 620 1418 esset
642 1349 826 1418 adstrictus.

217 1457 273 1535 At,
287 1453 513 1536 dicas'contra,
535 1456 623 1522 inter
634 1455 757 1546 legatos
770 1453 972 1522 Aeschinem
989 1457 1027 1521 in
1038 1456 1180 1529 decreto

83 1585 84 1589 ¹
131 1559 251 1641 efferri,
264 1585 365 1652 quem
379 1560 635 1627 Anthcsterione
646 1559 728 1627 XVI
741 1558 879 1651 Olymp·
895 1559 968 1640 CX,
994 1585 1016 1626 tv
1029 1561 1180 1656 Pylago-

129 1688 203 1730 ram
220 1681 376 1745 creatum,
398 1665 427 1730 si
444 1688 592 1729 annuum
611 1662 791 1754 Pylagorae
811 1687 933 1747 munus
944 1661 1055 1745 fuerit,
1080 1668 1179 1757 quod

130 1791 230 1860 supra
258 1768 476 1850 coniecimus,
506 1765 600 1834 alteri
623 1767 721 1833 etiam
743 1766 899 1857 Pylaeac,
934 1765 1071 1860 Olymp.
1097 1771 1175 1853 CX,

130 1895 150 1938 a
179 1873 421 1962 Metagitnione
450 1871 598 1951 habitae,
626 1871 785 1937 interesse
814 1887 998 1963 oporteret3
1022 1873 1173 1944 cundem

130 1988 241 2042 tamen
262 1999 302 2040 ex
323 1974 456 2042 decreto
476 1973 543 2042 illo
573 1972 691 2041 eodem
719 1996 833 2040 mense
863 1975 913 2041 in·
932 1974 1172 2047 Macedoniam

65 2098 67 2103 ’
130 2080 258 2145 abiisse.
312 2075 368 2144 Ad
394 2079 477 2144 haec
505 2076 708 2170 respondeo:
738 2079 776 2144 in
803 2075 905 2147 altero
933 2076 993 2146 illo
1022 2079 1167 2149 concilio

129 2207 171 2248 an
205 2180 419 2250 interfuerint
445 2181 702 2249 Atheniensium
717 2179 910 2274 ‘Pylagorae
939 2184 1078 2250 omnino
1105 2181 1169 2250 ad-

128 2285 351 2353 dubitandum
373 2303 431 2355 est.
475 2287 563 2353 Nam
587 2282 806 2353 Athenienses
837 2310 904 2352 una
930 2309 1009 2353 cum
1030 2287 1169 2354 Theba-

126 2393 180 2457 nis
201 2389 368 2484 indignati
389 2393 499 2458 statim
522 2390 564 2457 de
590 2391 632 2456 iis
658 2407 767 2470 erant,
791 2415 876 2482 quae
896 2389 1168 2482 Amphictyones

109 2496 164 2579 in
193 2497 304 2586 prima
330 2493 449 2587 Pylaea
476 2495 629 2562 adversus
650 2494 905 2586 Amphissenses
931 2492 1168 2582 decreverant5

127 2623 229 2693 quarn
259 2599 303 2666 ob
332 2623 463 2692 causam
491 2597 534 2664 ad
562 2597 862 2683 extraordinarium
890 2595 990 2664 illum
1014 2622 1169 2668 conven-

124 2719 199 2770 tum
231 2700 341 2768 nullos
368 2700 494 2794 legatos
520 2704 694 2768 miserunt.
746 2702 802 2767 Ad
834 2700 1061 2768 autumnalem
1084 2727 1169 2773 vero

6 2830 8 2834 “
54 2894 56 2900 A
123 2806 281 2899 Pylaeam
316 2808 345 2872 si
384 2803 607 2873 nihilominus
650 2805 830 2898 Pylagoras
877 2806 1047 2888 miserint,
1096 2809 1168 2877 Mi-

125 2910 196 2978 dias
236 2929 269 2978 et
304 2906 499 3002 Thrasycles
540 2932 617 2976 cum
650 2910 819 3002 Diogneto
857 2910 950 2976 mitti
978 2913 1165 3002 potuerint.

122 3016 209 3084 Nam
231 3016 337 3110 priom'
360 3016 461 3081 etiam
489 3014 632 3085 concilio
661 3038 762 3083 verno
791 3011 858 3082 duo
891 3009 953 3081 soh'
979 3013 1167 3107 Pylagorae

69 3194 72 3199 ,
121 3121 379 3191 Atheniensium
389 3145 466 3188 cum
479 3119 753 3187 hieromnemonc
766 3119 954 3185 interfuisse
964 3119 1165 3212 videntur')

120 3224 304 3303 Aeschines
327 3243 416 3293 certe
449 3224 544 3291 alteri
573 3224 657 3292 huic>
684 3223 827 3297 concilio
855 3224 994 3291 omnino
1017 3247 1089 3291 non
1110 3226 1166 3291 ἰιι-Ι
1194 3216 1197 3221 ’

122 3329 272 3397 terfuisse
293 3329 433 3398 videtur.
478 3328 547 3398 Ubi
563 3329 667 3397 'enirn
700 3325 743 3396 de
772 3325 913 3398 concilio
942 3324 1007 3395 hoc
1034 3327 1165 3398 Demo·

163 3627 187 3710 ')
208 3629 274 3691 Hoc
296 3652 330 3690 ea
351 3630 388 3690 de
411 3652 493 3691 causa
514 3644 617 3707 statuo,
636 3629 724 3712 ,quod
737 3631 893 3690 Aeschines
914 3631 944 3688 in
957 3629 1036 3691 Ctes.
1059 3652 1091 3712 p.
1114 3637 1157 3709 69

206 3733 277 3778 extr.
300 3733 329 3778 et
352 3739 393 3797 70
416 3733 486 3778 extr.
509 3720 538 3778 in
566 3718 670 3799 priore
695 3717 749 3778 illo
779 3717 900 3777 concilio
935 3738 1024 3777 verno
1058 3719 1158 3779 hiero-

205 3826 383 3865 mnemonem
405 3804 480 3864 febri
501 3820 666 3888 correptum
688 3825 750 3865 esse
773 3805 819 3881 ait,
840 3806 910 3874 item
925 3805 1009 3862 etiam
1022 3803 1156 3879 Midiam,

193 3896 303 3974 'itaque
340 3891 395 3951 sibi
432 3891 589 3958 mandatam
602 3902 633 3951 'c
665 3880 811 3974 Diogneto
842 3913 905 3952 esse
938 3891 1158 3951 Atheniensium

206 3979 401 4039 defensionem
413 3977 548 4041 adversus
565 3979 809 4062 Amphissensium
822 3978 1039 4056 criminationes,
1061 3977 1160 4038 Thra-2

207 4066 290 4148 syclis
312 4065 418 4127 nullam
440 4064 544 4127 faciens
566 4066 747 4127 mentionem.
815 4132 818 4139 ⁸
