2594 4672
60 429 237 522 imposuit,
272 451 356 522 quae
379 433 592 515 continerent
619 451 759 518 terram,
787 432 895 504 donec
916 436 1101 502 convocatis

63 535 106 599 ab
140 529 443 629 Amphietyonibns
480 537 522 605 de
558 565 685 608 summa
718 557 833 607 rerum
872 555 906 606 et
938 539 1102 631 sacrilegii
1136 597 1141 607 .

60 660 173 733 poena
194 639 409 710 iudicaretur.

153 746 244 828 Quae
277 746 305 810 si
333 748 379 812 ita
408 771 442 814 se
464 747 668 830 habuerunt,
698 770 769 816 non
792 746 885 840 quod
907 771 948 813 cx
970 744 1102 816 decreto

60 847 348 942 Amphictyonum
361 849 535 944 Philippus
551 854 649 920 urbes
665 850 797 919 diruere
812 867 977 942 coeperat,
1000 852 1104 916 Athe-

61 955 192 1021 nienses
216 958 422 1041 σκευαγωγίαν
445 955 677 1044 decreverunt,
700 956 760 1024 sed
782 955 874 1048 quod
895 972 1003 1047 pacto.
1017 957 1103 1021 Pha-

61 1057 148 1126 laeci
179 1076 352 1150 comperto
383 1085 488 1151 quum
516 1063 586 1127 eius
617 1061 764 1128 discessu
794 1078 897 1128 totam
919 1060 1104 1127 Phocidem

62 1162 228 1229 desertam
248 1160 418 1244 viderent,
451 1162 538 1247 tnala
559 1164 676 1231 fraude
703 1168 944 1232 circumventos
975 1189 1009 1229 sc
1034 1189 1103 1230 csse
1161 1209 1162 1212 =

61 1268 190 1359 experti
213 1283 307 1346 sunt,
339 1284 372 1333 et
397 1291 440 1332 ne
462 1265 639 1361 Philippus
667 1287 826 1361 occupata
856 1267 1002 1334 Phocide
1025 1294 1102 1334 cum
1150 1335 1154 1341 ,

61 1371 232 1438 Thebanis
253 1371 385 1439 iunctus
407 1373 566 1438 continuo
580 1374 724 1438 Atticam
740 1373 1102 1465 peteret,.mctuebant,
1151 1381 1152 1384 ’

62 1471 210 1566 denique
234 1473 326 1567 quod
347 1499 405 1541 sua
428 1477 489 1540 ista
516 1475 751 1543 intercessione
773 1476 960 1543 Phocenses
981 1478 1103 1543 servari
1158 1558 1164 1564 ἢ

63 1578 174 1647 adhuc
196 1602 292 1670 posse
315 1579 572 1646 arbitrabantur.

151 1684 214 1751 His.
244 1684 348 1776 igitur
377 1683 563 1775 explicatis,
595 1682 765 1776 reliquum
794 1684 862 1750 iam
884 1675 948 1766 est,
981 1700 1019 1750 ut
1039 1707 1102 1762 res,
1208 1670 1211 1693 ³

62 1792 231 1882 postremo
262 1787 337 1854 loco
367 1812 534 1870 excussae,
565 1811 603 1856 eo
635 1788 753 1857 ordine
775 1801 1022 1882 proponantur,
1045 1789 1127 1890 qui,

64 1918 104 1961 ex
127 1891 257 1982 cognita
278 1889 379 1960 modo
402 1909 591 1986 temporum
617 1894 746 1960 ratione
768 1894 951 1959 necessario
973 1890 1102 1984 prodit:

149 1996 321 2061 Archonte
353 1990 655 2079 Themistocle,
694 1995 854 2090 Olymp.
887 1997 1036 2078 CVIII,
1071 2021 1102 2078 2,
1146 2008 1148 2019 '

64 2099 418 2190 Scirophorionis
450 2100 592 2167 XXIII
621 2101 803 2171 Phalaecus
833 2125 913 2169 cum
933 2100 1101 2193 ,Phitippo

64 2202 254 2295 paciscitur.
343 2270 346 2275 Α
1109 2269 1110 2272 ,

155 2302 497 2394 Scirophorionis
524 2306 679 2373 XXVII
701 2308 904 2398 congregatis
927 2309 965 2373 in
986 2301 1102 2377 Piraeo

66 2407 111 2475 ad
132 2408 332 2474 concionem
353 2406 611 2475 Atheniensibus
632 2410 815 2503 Dercylus,
848 2413 1034 2502 interrupta
1056 2409 1105 2476 le-

65 2514 198 2605 gatione
220 2512 368 2579 Athenas
390 2498 551 2594 reversus,
575 2512 734 2608 depacto
757 2515 914 2581 Phalaeci
937 2514 1106 2608 Philippi·
1190 2603 1192 2607 ,
1216 2532 1218 2537 '

64 2641 131 2710 que
154 2618 192 2682 in
214 2613 398 2683 Phocidem
420 2616 627 2708 profectione
648 2619 812 2686 nuncium
834 2619 937 2686 affert.

155 2722 229 2804 Quo
245 2720 433 2812 perterriti
463 2720 682 2788 Athenienses
713 2723 863 2790 ciusdem
892 2724 1015 2792 mensis
1049 2721 1105 2789 die

66 2825 213 2908 XXVII,
235 2824 395 2906 XXVIII,
419 2825 537 2909 XXIX
559 2850 618 2892 scu
639 2828 740 2894 XXX
768 2827 879 2920 fugam
903 2853 939 2895 ex
962 2829 1046 2918 agris
1070 2853 1106 2892 ex

67 2927 331 2996 Callisthenis
351 2928 625 3021 psephismate
645 2930 840 2999 decernunt.
876 2929 1002 2999 Eodem
1018 2946 1105 2995 anno

66 3033 156 3099 enim
187 3031 292 3098 latum
325 3031 494 3100 decretum
525 3034 589 3101 hoc
620 3059 688 3100 esse
712 3037 891 3107 certissime
913 3033 1105 3100 confirmari

66 3138 135 3203 iam
155 3154 266 3228 potest
296 3136 455 3204 archonte
479 3136 708 3228 Mnesiphilo,
721 3135 1031 3229 qui'Demosthenis
1053 3135 1104 3202 illi

66 3258 165 3332 atque
186 3240 267 3307 huic
282 3239 495 3330 Callisthenis
523 3239 654 3309 decreto
684 3241 850 3333 praefixus
879 3257 950 3321 esta
974 3259 1007 3306 et
1036 3243 1105 3307 sive

63 3345 261 3437 Eponymus
274 3345 327 3427 sit,
343 3369 402 3418 sen
414 3369 450 3412 ex
463 3347 577 3411 ceteris
590 3345 806 3414 archontibus
822 3343 954 3437 aliquis,
966 3344 1009 3410 ad
1021 3344 1104 3412 duos

49 3465 179 3516 ttamen
202 3472 305 3515 annos
328 3467 424 3536 certe
439 3448 557 3515 referri
587 3473 658 3516 non
678 3467 801 3542 potest,
816 3449 868 3520 ¹id
895 3448 988 3541 qnod
1010 3448 1107 3516 Wei-

64 3548 155 3617 shius
176 3549 265 3618 fecit.
317 3554 448 3619 Interea
476 3552 654 3648 Philippus
681 3554 818 3629 traiecto
845 3569 922 3645 post
953 3550 1105 3618 Phalaeci

65 3651 250 3720 discessum
277 3680 340 3747 per
367 3647 610 3750 Thermopylas
633 3657 815 3748 exercitu*)
845 3656 1027 3724 Phocidem
1050 3680 1106 3724 oc-

64 3852 380 3870 m

109 3985 137 4073 *)
160 3990 369 4050 Demosthenes
407 3993 445 4051 de
474 4014 534 4053 cor.
563 4015 593 4074 p.
627 3996 686 4069 ²37
721 3994 892 4054 Aeschinem
924 3989 1107 4072 perfunctum

155 4076 242 4136 altera
263 4077 301 4136 ad
323 4078 497 4162 Philippum·
512 4080 653 4162 legatione
681 4082 872 4143 renunciasse¹
884 4076 1107 4140 Atheniensibus

735 4181 801 4246 8⁴³·
