2594 4672
517 272 675 376 A&

76 441 194 510 acerbe
210 438 398 531 indignati3
421 437 595 507 obstabant
607 441 646 506 in
656 436 886 533 Peloponneso
894 438 1116 510 Lacedaemo·
1132 466 1134 470 ’
1157 463 1159 467 ·

75 550 137 628 nii,
162 545 204 613 ad
217 546 395 636 pristinam
412 544 642 611 auctoritatem
654 541 860 637 adspirantes
882 545 1016 637 ipsique
1037 545 1117 612 Phi·
1125 575 1132 590 v·
1153 565 1156 573 '

75 651 170 743 lippo
200 666 338 742 propter
368 648 592 717 Phocensium
619 646 749 719 cladem
777 667 1022 735 succensentem
1056 651 1116 719 ob-

75 756 181 822 stabat
203 752 351 844 denique
378 751 587 845 reliquarum
613 753 714 819 etiam
741 753 924 819 civitatium
953 753 1114 834 conditio,

49 858 241 926 'intestinis
275 856 399 938 turbis,
428 857 568 922 maxime
589 856 801 949 optimatium
833 855 1115 951 populariumque

76 961 311 1030 certaminibus
334 961 461 1052 agitata.
507 961 574 1027 Has
601 961 704 1052 igitur
732 961 843 1026 turbas
865 962 983 1054 primis
1005 964 1116 1029 statim

15 1110 34 1146 3
74 1085 154 1160 post
176 1064 345 1131 Phocense
374 1062 538 1132 excidium
567 1065 664 1133 annis
693 1087 911 1157 componere,
941 1082 976 1134 et
1009 1060 1116 1159 quum

74 1173 166 1264 ipsae
207 1168 416 1259 singularum
456 1169 640 1238 civitanum
678 1167 836 1236 sactiones
870 1171 940 1236 eius
976 1171 1116 1292 gratiam

76 1290 284 1368 quaererent,
307 1271 493 1365 auxiliaque
513 1272 747 1365 implorarent,
773 1273 830 1341 hic
852 1266 1019 1368 oppressis
1040 1298 1116 1342 suc-

75 1402 220 1459 currere,
242 1375 314 1444 illic
336 1375 802 1445 eorumadiuvaremolimina
815 1379 1008 1461 conabatur,
1032 1402 1127 1481 quos!

76 1481 215 1551 consilia
236 1506 294 1548 sna
316 1482 443 1574 optime
465 1483 644 1574 agitaturos
674 1505 744 1549 esse
765 1483 934 1576 sperabat,
956 1480 994 1548 id
1015 1506 1115 1573 agens

14 1594 16 1598 ’
75 1588 231 1680 ubique,
234 1604 272 1654 ut
293 1610 371 1678 per
377 1586 565 1652 nniversam
580 1584 755 1654 Graeciam
777 1605 870 1652 suam
887 1587 1116 1655 auctoritatem

75 1689 244 1759 stabiliret.
283 1688 405 1756 Inde
394 1713 432 1756 ιιι
454 1689 725 1783 Peloponnesum
746 1689 900 1784 ingredi,
917 1706 957 1755 ιιι
975 1681 1117 1757 Arcadi-

74 1796 159 1875 bus,
169 1795 309 1887 Argivis,
333 1796 507 1862 Messeniis
536 1793 690 1861 adversus
713 1776 993 1862 Lacedaemonios
1016 1817 1116 1887 opem

74 1900 189 1980 ferret,
225 1889 368 1991 Megaris
396 1901 608 1994 optimatium
634 1896 742 1968 studia
771 1898 941 1981 adiuvare,
973 1901 1017 1965 in,
1047 1900 1117 1966 Eu-

73 2004 157 2071 boea
180 2021 337 2095 tyrannos
359 2005 533 2072 instituere
553 2003 778 2094 moliebatur.¹
817 2004 944 2088 Quibus
973 2005 1123 2095 inceptis

74 2100 311 2187 Athenienses,
339 2107 518 2199 instigante
539 2108 576 2172 in
598 2108 720 2200 primis
740 2108 983 2189 Demosthene,
1014 2109 1121 2179 totius·

76 2210 237 2276 Graeciae
261 2208 409 2278 libertati
437 2209 574 2277 insidias
604 2235 741 2303 parare,
774 2236 934 2304 suamque
964 2215 1123 2305 ipsorum

76 2313 217 2381 salutem
239 2315 276 2378 in
298 2311 478 2380 discrimen
498 2337 615 2381 vocare
630 2311 825 2404 Philippum
840 2317 1121 2385 criminabantur}

75 2415 132 2484 Ad
154 2439 347 2484 communes
373 2417 447 2484 illas
475 2440 587 2511 causas
615 2416 816 2485 accedebant
842 2417 933 2509 apud
959 2443 1015 2486 eos
1036 2445 1116 2513 pro·

73 2523 150 2615 pria
172 2520 412 2613 indignationis
434 2538 617 2589 momenta:
641 2539 801 2614 occupata
816 2522 906 2588 inter
927 2523 1035 2614 ipsam
1055 2535 1123 2615 [ιιι-,ι

24 2671 26 2677 .
74 2627 123 2693 cis
145 2628 337 2719 pactionem
356 2624 520 2694 lhraciae
549 2623 697 2710 castella,
730 2643 762 2693 et
775 2619 897 2693 insula
919 2625 1115 2709 Halonesns,

75 2755 178 2822 quam
205 2755 289 2825 pace
316 2731 383 2796 iam
419 2733 496 2796 iure
531 2729 674 2817 iurando
714 2730 909 2799 confirmata
937 2729 1144 2825 Philippus

74 2836 122 2902 eis
145 2835 303 2927 abripuit.
350 2834 525 2920 Quamsob
546 2836 619 2901 rem
633 2833 853 2928 legationibus
874 2837 913 2902 in
938 2835 1120 2908 Graeciam.

73 2940 282 3032 maximeque
311 2941 349 3011 in
376 2939 647 3032 Peloponnesum
673 2942 784 3009 missis
808 2940 961 3008 ¹ciuitates
989 2965 1009 3013 a
1037 2941 1122 3010 Phi-¹

74 3041 161 3136 lippi
191 3043 309 3111 studiis
331 3067 466 3111 avocare
493 3044 590 3110 etad
615 3042 795 3111 bellum
766 3069 798 3111 ιι
812 3044 1045 3113 communiter
1062 3045 1123 3110 in

73 3146 265 3216 serendum
274 3152 427 3215 excitare
439 3150 656 3217 conabantur.
701 3147 881 3240 Philippus
904 3165 1019 3216 contra
1034 3151 1123 3219 mis·²

53 3249 118 3318 'sis
140 3226 284 3344 saepius
279 3252 438 3323 Athenas
470 3251 587 3344 legatis
617 3268 750 3344 causam
777 3275 872 3319 suam
891 3252 1037 3344 probare
1058 3272 1122 3322 vo·-
1176 3315 1177 3318 ,

73 3355 179 3439 lebat,
206 3374 318 3450 utque
347 3360 585 3427 controversias
614 3358 687 3423 iure
719 3380 832 3423 secum
865 3376 1123 3451 componerent,

72 3459 294 3528 Athenienses
323 3461 535 3555 provocabat.
594 3459 664 3530 Sed
697 3459 775 3528 talia
793 3459 947 3529 Athenis
981 3461 1119 3555 explosa

72 3566 178 3658 magis
201 3585 289 3647 sunt,
312 3591 415 3666 quam
437 3565 563 3652 audita.
606 3564 743 3659 Olymp.
766 3566 869 3657 igitur
886 3566 976 3656 CIX,
997 3566 1021 3652 4
1043 3579 1120 3635 tane

73 3666 152 3734 dem
174 3669 415 3737 Demosthenes
437 3676 602 3737 assecutus
625 3687 683 3751 est,
706 3687 743 3736 ut
764 3672 863 3737 missa
884 3672 921 3737 in
944 3671 1116 3739 Euboeam

74 3771 289 3864 expeditione
322 3774 453 3841 Oreum
485 3776 719 3866 Eretriamquc
753 3774 991 3842 Athenienses·
1009 3779 1120 3868 a‘·‘⁵ty'-'

72 3877 187 3942 rannis
204 3875 409 3959 liberarent,
440 3881 500 3971 qui
522 3878 675 3972 Philippi
698 3877 822 3945 auxilio
849 3904 977 3961 summa
998 3903 1128 3966 rernm,

73 3981 174 4069 potiti
208 3999 310 4046 erant
356 3981 485 4049 Eodem
512 4007 605 4067 anno
635 4008 754 4075 quum
769 3981 983 4087 Philippus
974 4007 1115 4076 rmpr-es

76 4084 169 4153 sione
191 4086 228 4151 in
251 4084 477 4179 Hellesponti
474 4089 639 4180 regiones
668 4087 753 4216 lacta
774 4064 965 4160 Perinthios
986 4089 1116 4186 Byzan
