2594 4672
683 264 746 329 418

546 352 549 363 ἱ
636 354 792 371 ..n-n-

193 467 293 516 verna
315 439 469 526 Ῑσημερία,
494 459 579 529 quae
601 432 691 526 apud
713 431 838 524 priscos
860 429 1082 498 Athenienses
1104 433 1141 498 in
1162 432 1238 503 Ele-

194 544 431 639 phebolionem
469 539 657 620 incidebat,
694 538 761 603 iam
796 557 883 604 novo
917 534 1078 602 {asturum
1117 538 1237 607 ordine

195 646 389 717 introducto
413 649 502 713 iuxta
524 642 846 710 Hecatombaeonem
875 638 1019 722 caderet,
1040 646 1237 732 praesertim

195 778 301 847 quum
322 767 435 817 nostra
458 746 694 814 Demosthenis
717 743 819 811 editio
842 767 880 810 ex
901 741 1032 837 duplici
1053 745 1173 840 ἀρχαίᾳ
1192 765 1237 817 ιι.

196 880 263 951 que
286 854 439 942 δημώδει,
471 875 572 945 quam
594 848 761 942 Ulpianus
783 864 892 930 vocat,
923 849 1064 916 conflata
1095 853 1140 918 sit
1163 860 1236 949 (qua

196 961 238 1029 de
260 985 298 1026 re
322 984 349 1026 v.
374 970 457 1048 quae
480 953 613 1021 disserit
638 952 681 1019 ad
702 955 799 1020 Dem.
829 946 871 1019 de
899 976 967 1020 cor.
996 978 1031 1046 Ρ.
1060 954 1126 1046 ²²9
1150 975 1186 1024 et
1201 958 1236 1025 in

194 1063 332 1160 praefat.
356 1060 399 1129 ad
419 1058 628 1141 Midianam).
672 1057 802 1124 Verum
826 1047 950 1149 'opinio
980 1057 1063 1125 haec
1086 1084 1105 1124 a
1126 1058 1241 1131 multis
1268 1116 1273 1125 .

197 1168 329 1260 explosa
362 1167 429 1231 iam
461 1163 703 1258 profligataque
738 1178 796 1228 est.
854 1161 950 1228 Fecit
976 1163 1068 1228 enim
1100 1188 1236 1261 compr.

140 1256 144 1263 Ι
197 1274 357 1341 tationem
385 1292 478 1336 suam
505 1264 667 1359 Taylorus
701 1264 743 1332 ed
773 1288 849 1331 eum
877 1266 1044 1331 mensium
1072 1268 1238 1352 ordinem,

198 1400 298 1470 quem
322 1373 473 1442 Petavius
497 1371 656 1452 exhibuit,
678 1393 800 1462 neque,
821 1384 860 1435 ut
880 1393 900 1433 a
921 1368 1074 1440 Weiskio
1099 1370 1135 1463 (l.
1154 1399 1185 1440 c.
1205 1400 1239 1469 pt

191 1487 256 1569 aq)
282 1496 372 1547 recte
399 1477 566 1545 monitum
589 1491 648 1556 est,
679 1472 922 1554 animadvertit,
945 1471 982 1540 id
1004 1473 1097 1567 quod
1115 1480 1241 1547 aButt·

195 1607 319 1652 manno
342 1583 409 1678 (ap.
423 1579 544 1648 Ideler.
565 1578 681 1646 histor.
697 1577 967 1669 Untersuchung.
989 1577 1120 1646 iiberd.
1139 1599 1240 1651 astro-

196 1711 287 1755 nom.
310 1685 591 1778 Beobachtnngen
614 1681 675 1749 der
697 1684 739 1750 A.
761 1707 796 1775 p.
820 1683 883 1751 383
911 1686 1004 1775 sqq.)
1034 1682 1242 1754 demonstra·

196 1809 268 1858 tum
291 1809 358 1872 est,
381 1788 697 1857 Maemacterionem
724 1787 957 1879 Pyanepsione
983 1790 1150 1881 priorem,
1179 1814 1241 1873 nec

198 1912 356 1987 quartum
378 1917 449 1960 esse
471 1893 551 1958 anni
573 1913 738 1972 mensem,
760 1889 821 1957 sed
842 1891 1009 1983 quintum.
1056 1892 1103 1959 Cf
1121 1892 1238 1963 Ideler.

198 1995 372 2067 Enchirid.
405 1991 566 2063 chronol.
594 1993 672 2063 Vol.
708 1995 733 2061 Ι.
766 2020 801 2087 p.
830 1998 893 2084 275
924 2019 998 2088 sqq.
1051 1996 1178 2064 B'ocldr.
1205 2000 1241 2065 in
1272 2054 1277 2066 .

197 2101 359 2171 Thesaur.
389 2100 558 2194 Inscriptt.
581 2099 649 2165 Aa.
671 2122 723 2162 nr.
747 2121 802 2188 71.
851 2099 950 2191 Isque
978 2122 1047 2167 non
1074 2125 1143 2168 una
1173 2102 1241 2171 sola

199 2221 318 2285 aetate,
347 2202 406 2273 sed
428 2228 490 2296 per
513 2204 626 2272 omnia
654 2219 806 2294 tempora
833 2201 1000 2295 legitimus
1028 2203 1112 2274 ordo
1141 2206 1239 2273 luisse

142 2353 144 2357 ,
198 2308 342 2390 videtur,
365 2325 403 2380 ut
424 2296 574 2378 Periclea
597 2323 701 2375 aetate
723 2304 858 2391 (Bockh.
880 2304 903 2372 l.
927 2330 956 2374 c.
978 2333 1030 2375 nr.
1054 2317 1110 2399 7¹)
1133 2328 1168 2377 et
1190 2334 1241 2378 ae-

180 2428 265 2482 ‘tate
286 2415 528 2507 imperatorum
550 2409 645 2498 (ibid.
668 2436 720 2481 nr.
744 2432 818 2502 270,
841 2411 927 2501 276).
972 2412 1126 2495 Accedit,
1151 2412 1241 2507 quod

197 2518 399 2613 Tayloriena
420 2518 484 2588 ista
504 2516 666 2588 fastorum
683 2516 832 2596 mutatio,
857 2540 897 2581 ex
919 2541 986 2610 qua
1000 2518 1239 2589 Hecatomhaeo

198 2626 236 2695 in
260 2622 500 2719 Munychionis
520 2619 634 2691 locum
664 2618 837 2687 translatus
861 2639 959 2701 esset,
982 2644 1046 2688 nec
1068 2646 1136 2712 quo
1160 2641 1241 2691 tem-

198 2750 291 2821 pore,
313 2749 376 2795 nec
398 2748 442 2793 an
464 2727 602 2796 omnino
631 2748 783 2818 unquam
811 2722 985 2806 acciderit,
1020 2725 1243 2796 demonstrari

198 2847 317 2926 potest.
362 2828 585 2901 Mutationem
605 2827 766 2898 fastorum
779 2829 977 2896 Atticorum
1007 2833 1243 2916 intercessisse,

24 2901 28 2907 Ι
125 3012 126 3017 ,
200 2958 267 3027 quo
290 2952 441 3029 tempore
462 2950 643 3031 propagata
670 2955 734 3025 per
753 2932 929 2999 Graeciam
956 2935 1119 3028 religione
1146 2936 1246 3004 Chri.

200 3041 307 3111 stirne
329 3039 476 3110 Graecae
507 3056 620 3132 gentes
649 3038 695 3104 ita
724 3036 822 3106 fastos
843 3038 1072 3121 instituerent,
1105 3059 1144 3108 ut
1167 3066 1247 3109 cum

199 3143 427 3214 Romanorum
465 3142 602 3213 Iulianis
637 3140 856 3240 quadrarent,
887 3142 1108 3211 Buttmannus
1147 3142 1248 3213 docet

200 3248 269 3341 (ap.
294 3247 413 3318 Ideler.
426 3247 542 3318 histor.
558 3247 693 3318 Unters.
715 3271 752 3339 p.
776 3244 851 3332 405.
875 3245 916 3312 cf.
940 3248 1019 3339 385)
1042 3273 1078 3315 er
1095 3250 1247 3343 Epipha-

200 3355 258 3420 nio
282 3369 315 3423 et
336 3351 526 3443 menologio
549 3369 647 3432 msto,
670 3349 760 3444 typis
783 3367 908 3419 exarato
931 3353 969 3418 in
991 3353 1180 3447 appendice
1203 3353 1248 3422 ad

200 3456 242 3527 H·
274 3454 390 3546 Steph.
413 3456 513 3521 Thes.
542 3453 603 3521 Gr.
632 3454 659 3522 l.
680 3451 742 3522 col.
764 3456 843 3534 225,
873 3473 1005 3549 etpost
1026 3483 1103 3525 eum
1127 3457 1246 3526 Ideler.

202 3556 391 3650 (enchirid.
416 3557 576 3629 Chronol.
598 3557 676 3628 Vol.
699 3558 728 3628 1.
748 3583 782 3654 p.
807 3560 869 3627 360
892 3564 994 3653 sqq).
1027 3563 1168 3630 ¹llerum
1185 3566 1245 3631 iste

202 3662 363 3732 fastorum
390 3663 576 3733 mutatione
606 3663 744 3732 initium
773 3666 853 3732 anni
882 3664 1040 3733 collatum
1072 3668 1114 3733 ab
1131 3669 1245 3736 Athe-

202 3766 382 3838 niensibus
404 3783 454 3833 est
483 3791 503 3833 a
531 3765 672 3837 solstitio
700 3768 822 3835 aestivo
850 3771 887 3835 in
917 3773 1167 3864 aequinoctium
1188 3797 1246 3839 au-

203 3869 391 3951 ctumnale,
422 3871 469 3939 ita
498 3888 536 3938 ut
557 3871 799 3939 Hecatombaeo
823 3872 1023 3966 Septembri,
1048 3875 1262 3972 bletagitnio¹

201 3975 421 4073 responderet
444 3973 605 4056 Octobri,
636 3973 673 4041 id
704 3977 797 4068 quod
820 3979 892 4044 iure
915 3980 1086 4047 Weislius
1109 4004 1250 4049 conten·

204 4080 266 4167 dit,
288 4102 359 4154 nott
381 4077 482 4153 modo
505 4102 574 4153 non
596 4079 722 4162 favere,
751 4107 867 4151 verum
899 4086 999 4158 etiam
1022 4086 1152 4189 obstare
1176 4089 1250 4179 opi-
