2594 4672
644 263 754 368 ...¹2²

201 434 528 528 iaPeloponuesum
559 432 695 512 obierit,
727 455 848 501 novam
869 432 966 498 istam
988 429 1246 501 Euboicam'le-

201 543 367 632 gationem
390 539 600 631 proposuisse
613 537 723 604 refert.
768 537 813 603 At
835 535 1016 602 Aeschines
1038 537 1139 603 simul
1163 542 1244 606 cuin

199 643 479 734 Peloponnesiaca
508 641 568 707 illa
584 726 586 730 Ι
605 639 770 734 legatione
798 640 1059 707 Demosthenem
1090 644 1244 710 Acarna-

129 745 132 748 ’
198 773 278 814 nam
301 749 400 814 etiam
423 747 543 814 obiisse
566 744 662 827 dicit,
692 771 777 839 quae
798 768 869 811 non
891 764 1170 816 commemoratur
1193 774 1247 820 or.

197 850 348 944 Philipp.
373 852 431 916 111.
456 849 479 916 l.
505 874 544 929 α,
568 874 771 941 quamquam
792 851 829 915 in
845 872 884 915 eo
900 853 1154 918 commemorari
1171 877 1243 920 non

199 972 436 1046 amputarat,
468 978 570 1046 quam
598 950 749 1020 debebat.
802 954 959 1020 Attamen
981 952 1242 1047 Olympfictx,

199 1083 320 1126 acum
342 1057 622 1148 Peloponnesiaca
648 1057 815 1148 legatione
842 1059 1056 1125 coniunctam
1087 1083 1157 1124 esse
1180 1087 1244 1153 Ρο-Ι

198 1167 300 1230 tuisse
340 1164 440 1229 etiam
476 1163 705 1241 Acarnanam,
745 1162 881 1229 omnino
921 1163 1027 1253 possit
1062 1164 1243 1254 probabile

197 1266 306 1334 reddi.
347 1265 484 1357 Olymp.
508 1265 604 1347 CIX,
641 1289 660 1331 a
690 1265 870 1358 Philippus
900 1265 937 1331 in
968 1264 1242 1357 Peloponnesum

179 1369 331 1463 ‘ingredi
353 1369 564 1451 moliebatur,
584 1398 587 1404 ·
610 1369 822 1464 Megarisque
844 1369 983 1462 Olymp.
1008 1368 1106 1452 CIX,
1140 1396 1152 1438 1
1183 1373 1243 1441 de-

196 1464 312 1568 pulsus
339 1474 557 1541 Ambraciam
586 1491 620 1541 et
648 1473 838 1542 Leucadem
867 1474 909 1540 ad
938 1473 1168 1566 exsequenda,
1204 1496 1244 1546 ut

196 1574 344 1663 videtur,
376 1581 438 1646 ista
464 1579 677 1672 potissimum
717 1577 855 1646 consilia
885 1603 945 1645 sua
977 1580 1015 1646 in
1043 1596 1243 1671 potestatem

197 1707 291 1765 suam
318 1681 472 1775 redigere
505 1683 671 1776 cupiebat.
728 1684 768 1748 In
796 1681 857 1773 illo
885 1707 1000 1750 rerum
1026 1699 1112 1750 statu
1133 1687 1242 1754 Athe-

102 1783 105 1795 '
195 1789 329 1855 ruienses
362 1787 564 1879 legationem
592 1788 631 1852 in
659 1784 931 1876 Peloponnesum
958 1789 1124 1854 miserunt
1154 1814 1239 1872 eam,

196 1891 240 1959 de
271 1917 342 1984 qua*
367 1893 496 1982 egimus
521 1889 598 1956 loeo
629 1890 780 1982 proxime
805 1889 1031 1981 praecedenti.
1086 1890 1241 1986 Eamque

197 1997 281 2064 obiit
308 1995 558 2064 Demosthenes.
613 1992 709 2060 Idem
742 1993 861 2061 eodem
894 1997 1058 2079 nimirum
1087 2010 1240 2088 tempore

195 2100 411 2166 Ambraciam
434 2121 569 2191 quoque
591 2098 719 2189 legatus
741 2100 848 2180 venit,
881 2098 941 2167 ubi
968 2100 1118 2193 Philippi
1144 2098 1237 2190 lega-

195 2222 246 2272 tos
274 2226 446 2296 superasse
476 2227 511 2268 se
541 2201 701 2294 gloriatur·
731 2201 773 2268 de
804 2226 871 2269 cor.
901 2229 935 2296 p.
965 2206 1039 2272 308.
1086 2202 1176 2288 Quid
1197 2207 1237 2271 in

194 2310 256 2375 ista
277 2331 392 2373 rerum
414 2306 606 2374 conditione
633 2305 843 2373 verisimilius
873 2325 939 2390 est,
974 2333 1073 2402 quam
1094 2311 1238 2376 instante

194 2430 265 2479 tum
288 2410 437 2504 Philippi
458 2415 497 2478 in
518 2413 731 2479 Ambraciam
754 2429 786 2479 et
807 2409 995 2479 Leucadem
1015 2413 1237 2506 impressione

194 2519 322 2584 vicinos
352 2518 453 2582 etiam
483 2517 674 2612 Acarnanes
704 2513 748 2582 ad
777 2541 869 2582 arma
891 2518 1047 2584 excitatos
1070 2523 1109 2583 ab
1132 2519 1238 2584 Athe-

193 2623 367 2688 niensibus
390 2644 474 2700 esse,
506 2645 612 2710 quum
631 2621 828 2711 praesertim
849 2619 966 2687 eadem
987 2623 1237 2713 opportunitate

192 2725 414 2792 Athenienses
442 2724 664 2789 mercenarios
693 2725 731 2791 in
753 2724 978 2791 Acarnaniam
1004 2726 1131 2791 misisse
1153 2749 1237 2794 con-

193 2818 273 2910 stet,
302 2828 464 2893 nimirum
492 2843 528 2892 ut
556 2818 705 2919 Philippi
733 2829 878 2921 impetus
907 2855 925 2895 a
952 2822 1144 2921 regionibus
1167 2829 1236 2896 illis

194 2931 413 3027 depellerent
458 2930 501 2999 V·-
531 2955 602 3022 cap.
630 2931 665 2998 h.
699 2956 852 3026 nr.·sup.
896 2935 1011 3001 Potuit
1038 2935 1139 3024 igitur
1165 2934 1236 3003 Dc-

189 3038 381 3106 mosthenes
405 3033 541 3129 Olymp.
566 3035 664 3116 CIX,
698 3060 818 3103 acum
842 3036 1124 3130 Peloponnesium
1145 3037 1236 3130 lega-

192 3144 284 3240 tione
306 3139 407 3214 simul,
425 3143 524 3208 etiarn
546 3143 765 3208 Acarnanam
794 3142 904 3226 obire3
936 3141 1026 3208 unde
1056 3143 1235 3236 probabile

190 3270 307 3313 rursus
328 3245 440 3330 fieret,
471 3244 564 3338 quod
595 3269 696 3338 supra
723 3245 821 3313 nobis
837 3246 1045 3314 *videbamur
1066 3249 1234 3314 coniicere

189 3373 302 3444 posse:
334 3373 382 3417 or.
405 3348 494 3416 Phil.
524 3348 589 3430 III,
619 3376 654 3443 p.
682 3373 742 3439 ¹²9
763 3352 800 3416 in
820 3352 944 3417 verbis:
976 3352 1041 3418 οὐδ’
1069 3352 1102 3417 αἱ
1123 3352 1234 3436 πέρασι

102 3488 106 3492 ·
189 3461 350 3544 πρεσβεῖαι
366 3454 413 3519 ἀἱ
443 3456 512 3542 περὶ
547 3452 607 3539 τὴν
634 3450 876 3540 Πελοπόννησον
905 3456 1014 3522 ἐκεῖναι
1035 3459 1086 3522 καὶ
1107 3482 1233 3542 κατη-

190 3561 338 3648 γορίαι,
362 3557 401 3635 ἃς
422 3556 481 3645 ἕνα)
502 3596 546 3609 -
566 3559 618 3625 καὶ
643 3559 673 3624 oi
693 3559 781 3625 ἄλλοι
805 3560 949 3646 πρέσβεις
969 3559 1233 3647 περιήλθομεν

90 3686 95 3695 ’
188 3666 240 3731 καὶ
263 3661 498 3748 ἐποιήσαμεν).
521 3686 584 3755 pro
595 3659 788 3750 νατηγορίαι,
812 3661 904 3753 quod
919 3688 963 3729 ne
978 3663 1144 3756 quadrare
1156 3665 1233 3753 qui-

141 3852 146 3865 .
189 3766 268 3834 dem
279 3762 410 3834 ridetur
430 3763 474 3831 ad
492 3769 715 3853 περιήλθομεν*
734 3765 915 3860 legendum
931 3766 1135 3855 Ἀκαρνανίαν
1150 3791 1230 3845 esse,

188 3870 227 3939 id
249 3868 343 3967 qnod
365 3893 404 3937 eo
428 3871 527 3937 etiam
556 3869 764 3961 probabilius
792 3869 898 3938 videri
925 3889 1046 3965 posset,
1070 3871 1163 3963 quod
1184 3870 1231 3937 Ie·

73 3975 76 3980 ’
189 3975 375 4067 gationibus
398 3971 467 4041 illis
489 3974 698 4065 prohibitum
720 3999 789 4040 esse
812 3974 1009 4070 Philippum
1031 3976 1231 4043 Demosthe-

189 4104 249 4148 nes
265 4081 384 4162 :dieit,
400 4081 595 4175 ¹quominus
626 4081 662 4145 in
684 4078 953 4172 Peloponnesum
983 4078 1170 4167 invaderet,
1201 4097 1233 4145 et
