2594 4672
567 278 725 389 Q
811 309 818 323 a

126 453 291 545 Dionysia
312 463 422 518 actum
443 473 523 532 esse,
547 450 670 543 quibus
693 446 902 516 coronandus
924 443 1168 525 Demosthenes

125 576 217 641 οντες
255 573 289 624 et
316 579 398 622 sane
425 553 620 648 spectacula-
642 553 776 645 'aliaque
803 551 980 620 solemnia·
993 550 1166 641 Dionysiis
1219 624 1223 629 ,

122 665 161 730 in
192 661 320 731 theatro
348 659 540 754 peragenda
566 661 612 726 ita
645 674 810 727 memorat
835 655 1018 722 Aeschines
1048 679 1083 746 p.
1111 655 1168 744 γό,

122 791 162 832 ac
192 767 225 833 si.
244 789 286 830 ea·
308 767 459 855 proximo
482 765 664 831 instarent:
698 763 747 837 τίς
771 759 833 847 γὰρ
862 759 918 826 οὐκ
944 757 984 824 ἂν
1002 756 1168 844 ἀλγήσειεν

122 871 302 958 ἄνθρωπος·
312 870 427 954 Ἕλλην
453 868 475 956 ἢ
508 871 572 936 ταδ’
587 867 767 941 παιδευθεὶς
792 864 989 950 ἐλευθερίως,
1025 863 1169 955 ananam

123 977 213 1052 σθεδς
234 977 266 1042 ἔν
287 980 332 1062 τῷ
353 972 482 1062 θεάτρῳ
504 970 596 1038 ἔκεινό
618 996 662 1056 γε,
687 973 714 1036 εἰ
733 970 831 1054 μηδὲν
860 969 973 1054 ἕτερον,
997 964 1046 1033 ὅτι
1067 966 1168 1056 ταύτῃ

123 1079 208 1146 atati¹
227 1083 267 1166 τῇ
293 1075 397 1166 ἢμόρογ
424 1074 615 1160 μελλόντων,
644 1073 746 1159 ιδ’ςπερ
760 1107 764 1116 ·
778 1073 861 1154 νυνί,
900 1078 964 1137 τῶν
996 1075 1169 1160 τραγῳδῶν
1248 1144 1252 1152 ,

123 1185 289 1268 γίγνεσθαι
308 1203 382 1269 sqq.
426 1176 568 1245 Accedit
590 1177 747 1267 danique,
770 1174 864 1266 quod
884 1200 1039 1267 maguam
1061 1175 1170 1243 Grac-

126 1309 245 1353 corum
277 1280 528 1348 multitudinem
558 1278 670 1362 adesse
703 1280 879 1347 certamini
910 1280 1093 1346 Aeschines
1116 1280 1171 1347 di-
1221 1285 1230 1330 ἶ

126 1388 172 1455 cit
193 1385 270 1475 (ὁρῶ
292 1388 319 1452 δ’
342 1385 541 1471 σιἰκιόλίγους
569 1372 745 1474 [Ἓλληνας]
774 1382 956 1469 παρόντας,
981 1382 1047 1450 ἀλλ’
1075 1382 1170 1463 ὅσους

126 1491 236 1569 οὐδεὶς
247 1489 373 1559 πώποτε
392 1490 546 1576 μέμνηται
575 1487 656 1575 πρὸς
684 1487 791 1574 ἀγῶνα
815 1487 966 1573 δημόσιον
993 1513 1170 1576 παραγενο-

125 1596 238 1683 μένους
258 1584 342 1686 p·.61
358 1598 467 1679 extr.),
491 1589 733 1685 quos-quidem
748 1614 820 1658 non
841 1588 916 1658 sola·
930 1615 1027 1659 causa
1048 1589 1094 1658 de
1112 1604 1175 1661 σοὲ-

124 1724 228 1789 rona,
256 1698 316 1766 aed
338 1698 523 1765 certamina
553 1698 655 1764 et'iam
680 1695 883 1787 Dionysiaca
910 1691 1059 1762 Athenas
1089 1719 1171 1766 con-

125 1827 278 1896 gregasse
302 1801 481 1895 probabile
508 1819 566 1869 est
620 1802 713 1884 Quae
747 1810 854 1892 qu'urn
883 1800 930 1867 ita
959 1801 1040 1881 sint,
1074 1802 1112 1867 si.
1126 1799 1173 1869 de
1267 1785 1269 1791 ,

124 1910 248 1991 Dario,
276 1926 356 1975 ante
387 1924 518 1997 septem
544 1929 676 1973 menses
702 1902 889 1973 secundum
910 1905 1092 1972 Anianum
1112 1929 1175 1973 oc*

125 2015 211 2095 oiso,
244 2029 282 2077 ut
303 2009 346 2078 de
366 2012 443 2079 vivo
470 2009 580 2077 adhue
606 2009 758 2103 loquitur
786 2009 986 2092 Aeschines,
1017 2007 1056 2076 id
1085 2033 1171 2102 quo·

126 2142 271 2210 cumque
293 2113 393 2184 modo
417 2116 614 2207 explicetur,
643 2138 778 2182 necesse
808 2131 865 2180 est.
910 2116 954 2181 Et
976 2122 1069 2183 acute
1092 2116 1171 2206 qui-

126 2221 206 2288 dem
231 2219 420 2311 Boeclthins
449 2217 472 2283 l.
508 2243 536 2285 c.
571 2219 782 2309 „speciosum
815 2235 946 2284 tantum
984 2241 1073 2301 esse,
1111 2221 1169 2302 ait,

127 2321 222 2417 quod
241 2324 335 2390 viun-
352 2329 619 2412 r'epraeeentetur
639 2322 783 2388 Darius:
812 2323 986 2412 prioribus·
1009 2326 1172 2414 tempori-

125 2430 190 2496 bus
212 2427 359 2494 recentia
381 2426 779 2519 opponereAeschinem:
802 2424 861 2508 οὐχ
882 2421 899 2490 ὁ
920 2427 978 2510 μὲν
998 2433 1062 2493 τῶν
1082 2431 1174 2514 Περ-

127 2541 195 2602 σῶν
220 2531 367 2616 βασιλεὺς
395 2528 491 2598 ὅτδν
506 2531 596 2598 laea
624 2529 770 2618 διορύξας
798 2531 849 2594 καὶ
869 2527 1172 2617 τόν-Ἑλλήσποντον
1225 2572 1227 2579 ·

127 2636 249 2720 ζεόξας,
281 2633 298 2703 ὅ
324 2642 382 2723 γῆν
402 2638 453 2702 καὶ
473 2635 559 2723 ὕδωρ
581 2634 657 2712 τοδς
676 2634 829 2721 Ἕλληνας
855 2637 966 2717 circis,
996 2631 1014 2700 ὃ
1046 2641 1173 2721 τολμῶν
1245 2709 1247 2713 ,

126 2743 161 2809 ἐν
191 2750 264 2818 ταῖς
289 2743 466 2817 ἐπιστολαῖς
492 2739 637 2828 γράφειν,
672 2738 721 2806 ὅτι
743 2737 896 2825 δεσπότης
920 2741 1003 2807 ἐστὶν
1024 2737 1172 2810 ἁπάντων

126 2844 307 2933 ἀνθρώπων
334 2845 389 2934 ἀφ’
412 2842 502 2932 ἡλίου
533 2842 678 2921 ,ἀνιόντος
710 2844 801 2932 μέχρι
837 2846 1005 2928 δυομένου,
1043 2852 1100 2912 νῦν
1132 2847 1171 2915 οὗ

126 2953 200 3038 περὶ,
218 2955 275 3018 τοῦ
296 2946 401 3035 κόριος
423 2947 535 3035 ἑτέρων
562 2945 640 3015 εἶναι
665 2951 875 3035 διαγωνίζεται
881 2997 892 3029 ,
924 2947 991 3014 ἀλλ’
1018 2938 1079 3035 ἤδη
1101 2953 1173 3039 περὶ

127 3060 186 3140 τῆς
216 3059 278 3145 τοῦ.
309 3050 455 3137 σώματος
489 3055 661 3140 σωτηρίας,·
701 3069 734 3119 at
764 3076 881 3118 recens
913 3040 985 3117 acta
1019 3069 1172 3146 tempore

126 3157 297 3250 praesenti
327 3155 508 3247 extulisse,
527 3157 722 3242 ἀγωνίζεται,
751 3179 822 3222 non
854 3172 893 3222 ut
922 3154 1032 3223 adbuc
1058 3159 1178 3228 vivum

128 3261 273 3329 Darium
299 3276 578 3352 repraesentaret,
609 3258 669 3326 sed
697 3277 736 3326 ut
765 3261 962 3352 nuperrime
991 3281 1063 3330 acta
1084 3267 1173 3333 anti-

128 3366 203 3459 quis
226 3384 427 3459 opponeret:
449 3363 579 3447 „„olim
594 3366 696 3431 Persa
713 3363 756 3429 de
773 3364 915 3455 imperio
938 3366 1172 3436 universorum

127 3469 367 3551 contendebat,
389 3494 481 3538 nuno
503 3469 676 3537 contendit
709 3467 751 3536 de
774 3493 829 3552 eo,
857 3471 945 3538 vivat
969 3496 1021 3539 an
1048 3474 1173 3549 moria·
1241 3510 1244 3516 Δ
1270 3472 1283 3490 '

126 3583 240 3643 tur.““
282 3574 355 3642 Hoc
367 3577 466 3641 etiam
476 3592 556 3643 noto
570 3575 667 3641 Darii
689 3574 783 3642 obitu
806 3573 875 3642 dici
888 3578 1045 3667 potuisse,
1065 3579 1178 3646 immo¹

125 3681 155 3747 si
181 3694 263 3746 nota
291 3679 361 3746 iarn·
387 3680 485 3746 Darii
510 3703 574 3745 nex
602 3678 719 3763 fuerit,
748 3677 855 3748 multo
879 3681 1067 3777 ,graviorem
1094 3704 1177 3749 sent·

100 3785 267 3852 vtentiam
289 3804 369 3864 esse,
393 3808 554 3876 quarem
584 3784 805 3850 tristissimam
832 3809 944 3879 nuper
964 3803 1177 3879 compertu

122 3903 294 3982 proponat
314 3885 569 3954 Atheniensium
592 3889 709 3954 animis
739 3905 773 3955 ct
792 3888 974 3957 miseretur-
988 3892 1073 3959 τοὺ

123 3993 261 4060 nibus.“
304 3990 395 4058 Haec
407 3990 608 4073 Boeckhius,
631 3993 717 4085 quae
731 4009 842 4060 tamen
862 3990 1045 4087 permetiri

124 4094 287 4191 equidem
306 4093 477 4165 difficilius
495 4117 642 4187 possum,
664 4120 770 4190 quum
790 4118 864 4167 non
883 4094 1013 4195 intelli
