2594 4672
631 250 787 375 aas·

190 433 307 501 hiliter
340 430 463 501 coniici
502 449 625 526 potest,
663 459 700 500 ea
730 431 772 500 de
799 456 835 500 re
878 434 976 500 etiam
1014 434 1050 500 in
1087 435 1237 505 comitiis

134 594 138 606 .
192 556 314 617 actum,
337 537 536 603 Aeschinem
567 539 685 604 veroa
713 537 852 630 populo,
884 540 939 606 cui
960 561 1030 631 non
1054 543 1165 606 teneri
1189 545 1239 608 vi-

194 640 347 721 deretur,
382 664 450 707 esse
485 639 668 708 dimissum.
702 642 871 734 'Ipseque
909 643 1153 710 Demosthenes
1192 647 1238 713 ita

192 769 270 812 sane
292 766 365 810 rem
387 763 632 827 commemorat,
654 761 692 810 ut
713 746 786 836 ipsa
808 745 878 811 eius
889 743 987 812 verba
1008 746 1238 815 aduersarium

184 858 264 915 'tum
287 870 356 915 esse
378 848 563 915 absolutum
587 839 771 928 ostendant,
794 850 964 927 nimirum,
989 849 1082 942 quod
1094 874 1134 919 eo
1149 871 1237 920 tcm-
1290 864 1292 869 '

192 977 276 1046 pore
296 949 424 1018 hellum
447 975 524 1016 cum
555 951 714 1042 Philippo
743 951 895 1018 nondum
922 949 1034 1047 palam
1065 959 1235 1025 exarserit.

283 1059 375 1140 Quae
403 1057 432 1121 si
459 1053 643 1146 probabilis
671 1056 722 1120 rei
744 1056 827 1121 ratio
852 1074 917 1138 est,
941 1059 1171 1126 testimonium
1194 1061 1236 1127 il-

193 1159 255 1227 lud
292 1176 388 1224 auta
415 1160 621 1252 praetoribus
648 1176 740 1249 patet
768 1161 896 1225 senatui
925 1159 1095 1243 traditum,
1127 1181 1183 1230 aut
1216 1191 1235 1231 a

192 1262 428 1342 Demosthene,
450 1264 478 1327 si
501 1257 553 1327 illi
575 1265 687 1354 ipsum
709 1286 786 1328 eum
808 1262 850 1328 ad
872 1278 1022 1330 senatum
1034 1265 1233 1359 delegarint.

193 1366 516 1437 Posteriusfortasse
538 1368 641 1457 magis
663 1367 807 1457 probent
818 1368 999 1434 testimonii
1011 1368 1125 1436 verba:
1147 1395 1234 1458 μαρ-

178 1479 321 1561 τυροῦσι
341 1467 541 1556 Δημοσθένει
573 1473 624 1536 καὶ
654 1469 854 1554 ἐπωμόσαντο
883 1471 930 1538 ἐπὶ
952 1479 1016 1539 τῶν
1038 1483 1232 1562 στρατηγῶν.

196 1576 296 1661 Quod
323 1589 397 1641 utut
427 1591 491 1654 cst,
533 1575 758 1641 testimouium
787 1591 897 1640 tamen
925 1577 962 1640 in
990 1578 1069 1643 actis
1098 1597 1232 1646 senatus

194 1680 379 1772 repositum
399 1701 480 1759 esse,
503 1701 612 1770 neque
630 1695 700 1742 tum
713 1694 812 1754 certe,
823 1741 826 1752 ,
836 1703 941 1768 quum
953 1681 1111 1770 agebatur
1124 1706 1232 1764 causa,

194 1782 368 1863 Ol.'CIX,
391 1781 501 1866 din„
521 1782 558 1846 in
580 1780 743 1847 iudicium
773 1783 939 1874 migrasse,
969 1784 1150 1851 verisimile
1172 1805 1230 1854 est.

137 1860 142 1885 ¹
195 1885 296 1972 Quod
317 1888 346 1952 si
366 1888 413 1952 ita
435 1900 492 1965 est,
515 1884 776 1952 Demosthenem
800 1909 836 1950 ex
858 1887 937 1952 actis
956 1905 1089 1955 senatus
1111 1893 1231 1982 petisse

95 2064 97 2068 ι
195 1991 424 2058 testimoninm
445 1988 510 2055 hoc
531 2005 632 2078 patet,
656 2012 761 2078 quum
785 2012 823 2055 co
846 1991 895 2055 uti
917 1989 1051 2056 volebat
1072 1993 1111 2057 in
1131 2017 1228 2061 causa

195 2093 441 2185 Ctesiphontea.
495 2090 563 2163 Sed
594 2092 674 2157 huic
705 2090 864 2159 dicendae
892 2089 1159 2187 indicandaeque
1188 2113 1226 2163 ut

193 2197 383 2276 inserviret,
407 2219 483 2261 cum
512 2193 586 2262 aliis
609 2192 815 2262 documentis
848 2196 1068 2287 probabiliter
1096 2198 1226 2267 fortasse

103 2336 110 2348 s
195 2301 317 2368 dixeris
339 2299 561 2391 magistratui,
586 2301 639 2365 cui
659 2323 753 2366 causa
780 2301 818 2365 in
845 2299 1011 2367 iudicium
1034 2300 1230 2371 deducenda

191 2406 312 2487 fuerit,
343 2403 501 2488 traditum
524 2421 557 2469 et
578 2405 619 2469 ab
641 2404 706 2471 hoe
734 2403 776 2469 ad
799 2422 869 2470 acta
892 2405 1065 2472 iudicialia
1087 2409 1230 2476 relatum

193 2535 273 2579 esse.
317 2509 363 2576 At
384 2509 524 2599 crimina
545 2505 621 2588 illa,
653 2531 739 2598 quae
768 2509 926 2574 Aeschini
954 2535 973 2575 a
1003 2510 1229 2579 Demosthene

170 2683 175 2692 f
193 2617 231 2681 in
240 2619 291 2681 or.
307 2611 350 2678 de
372 2634 440 2678 cor.
463 2612 676 2692 obiiciuntur,
699 2610 871 2680 manifesto
886 2614 1086 2681 extrinsecus
1103 2620 1144 2681 ab
1165 2616 1229 2683 lioc

193 2720 232 2783 in
254 2716 440 2783 orationem
462 2712 599 2796 inducta
621 2734 714 2796 sunt,
745 2740 808 2782 nec
835 2715 1022 2808 quidquam
1052 2742 1229 2787 commune

193 2820 319 2886 habent
341 2841 418 2882 cum
441 2816 664 2908 Ctesiphontis
698 2819 897 2895 defensione.
949 2822 1058 2905 Quam
1091 2823 1230 2891 obrem

192 2934 304 3016 neque
326 2921 390 2987 hoc
413 2921 639 2986 testimonium
662 2945 724 2987 nec
753 2922 844 3015 quod
870 2923 950 2990 huic
978 2926 1149 2994 antecedit
1169 2953 1229 3021 per

150 3057 152 3060 ⁴
194 3052 329 3098 causam>
347 3024 617 3117 Ctesiphontcam
638 3026 793 3118 migrasse
815 3026 853 3091 in
875 3023 1131 3096 actaiudicialia
1154 3056 1231 3098 cen-

193 3156 260 3215 seo,
283 3130 341 3200 sed
363 3131 400 3196 in
422 3129 491 3196 sola
514 3130 660 3197 oratione
688 3130 818 3224 prolata
850 3155 869 3195 a
890 3131 1117 3203 Demosthene
1150 3159 1228 3203 esse.

181 3239 318 3329 ¹Itaque<
332 3234 559 3301 testimonium
591 3232 655 3301 hoc
686 3259 792 3326 quum
819 3257 858 3300 ex
885 3232 962 3301 solis
992 3237 1073 3304 actis
1100 3257 1229 3306 senatus

192 3343 264 3436 peti
291 3339 436 3430 potuisse
462 3335 606 3428 liqueat,
619 3335 704 3402 nihil
726 3339 794 3403 iam
821 3337 943 3418 obstat,
967 3343 1149 3431 quominus
1170 3343 1231 3410 Ni.

192 3447 260 3514 cias
289 3445 389 3510 etiam
409 3440 701 3532 pseudoponymus
729 3441 835 3509 scn‘ha
867 3443 909 3509 sit
936 3444 1124 3513 secundum
1150 3469 1232 3540 pry-

193 3549 319 3619 taniam
327 3551 359 3635 *)
366 3594 376 3626 ‚
416 3561 470 3626 ut,
504 3545 633 3614 etiamsi
662 3568 716 3612 res
745 3544 788 3611 ad
816 3545 1143 3618 Hecatombaeonem
1172 3549 1229 3620 Ol.

193 3753 504 3774 ffl-

192 3871 195 3875 ’
236 3883 261 3963 ”)
282 3884 313 3943 lu
335 3885 387 3942 hac
409 3882 545 3941 sententia
569 3892 675 3962 perstat
697 3881 860 3941 Boeclahius
882 3883 909 3940 in
933 3877 1034 3943 litteris
1050 3882 1156 3947 adme
1179 3910 1234 3948 nn·

275 3969 405 4051 perrime
419 3967 500 4043 datis,
515 3966 622 4049 quihus
637 3990 727 4048 quum
741 3970 809 4026 mihi
824 3968 1016 4049 significasset,
1039 3974 1234 4033 testimonium
1254 4007 1260 4021 ν

169 4086 176 4104 1
280 4057 346 4117 hoc·
361 4053 400 4118 ad
421 4049 613 4146 ιτῗςογγελίοιν
643 4056 740 4114 uonna
762 4055 931 4116 Aeschinem
964 4058 1168 4122 instituendam
1198 4060 1235 4122 ad
