2594 4672
580 260 603 326 tt

513 349 671 367 m

74 432 179 525 gentis
212 427 465 499 delectationem
489 429 582 495 haud
617 426 767 522 paullum
805 423 979 494 infirmant
1014 447 1117 523 atque

73 535 282 632 perturbant
343 537 478 603 Etenim
506 535 609 601 oratio
642 535 683 600 de
707 555 829 597 corona
859 531 896 596 in
928 531 1116 600 referendis

73 642 173 725 rebus
200 642 378 706 maximam
405 643 535 737 partem
565 638 790 717 consumitur,
831 660 913 728 quas
943 635 1044 703 factas
1075 660 1115 704 eo

74 763 222 836 tempore
236 756 390 822 constat,
425 744 518 807 cuius
542 760 575 809 et
595 765 748 809 mancam
760 759 763 763 ’
777 763 841 806 nec
862 739 939 806 satis
963 756 1118 808 constan-

72 866 142 916 tem
172 845 437 939 exploratamque
470 846 631 912 habemus
672 846 907 936 cognitionem.
962 844 1117 909 Aetatem

45 1024 47 1029 ι
73 950 299 1041 Philippicam
321 947 413 1028 dico,
437 973 523 1041 quae
546 974 586 1014 ex
609 950 792 1016 oratoribus
818 972 927 1040 prope
954 947 1033 1034 solis
1062 971 1119 1014 ac-

27 1100 31 1115 ,
73 1055 216 1123 omatius
233 1051 521 1144 abundantiusque
534 1055 688 1146 cognosci
703 1070 820 1145 potest.
866 1053 911 1118 Hi
924 1077 1001 1119 vero
1020 1077 1119 1143 prae-

73 1175 124 1225 ter
146 1154 238 1248 quod
259 1179 321 1235 res,
345 1173 383 1219 ut
405 1179 443 1220 ex
465 1160 592 1223 re'centi
619 1156 830 1223 audientibus
859 1176 892 1224 et
923 1157 1010 1222 bene
1039 1175 1119 1224 nota

74 1262 171 1352 copia
191 1260 322 1352 petitas,
345 1261 474 1326 iaciunt
494 1263 618 1352 potius,
643 1287 743 1356 quam
766 1263 943 1354 perspicue
969 1255 1118 1344 na'rrant,

74 1366 150 1431 satis
174 1365 273 1431 etiam
295 1381 413 1430 notum
435 1369 502 1447 est,
526 1389 625 1455 quam
647 1366 839 1456 frequenter
861 1391 879 1431 a
900 1366 1037 1432 veritate
1060 1365 1120 1431 de-

75 1467 212 1549 clinent,
235 1490 357 1559 resque
379 1491 436 1532 seu
459 1460 616 1536 orationis
639 1471 779 1561 impetu,
801 1494 860 1536 seu
879 1471 1000 1537 irritati
1014 1469 1119 1535 animi

73 1572 202 1639 fervore
223 1589 356 1664 praeter
377 1561 489 1638 veiam
512 1571 740 1638 conditionem
770 1591 977 1666 exaggeratas
1000 1574 1120 1640 obscu-

72 1695 197 1743 ratasve
222 1676 377 1743 referant.
433 1672 529 1741 Unde
561 1677 685 1740 nimiae
715 1701 831 1742 rerum
862 1694 895 1744 et
928 1695 1129 1771 temporum,

73 1800 143 1843 nou
165 1778 267 1848 modo
291 1778 513 1858 obscuritates,
535 1800 652 1844 verum
676 1779 775 1844 etiam
788 1778 1029 1872 discrepantiae
1052 1781 1125 1848 ori-·

74 1883 189 1972 ginem
218 1881 370 1975 capiunt,
404 1905 491 1973 quae
524 1905 602 1947 cum
631 1881 839 1949 intellectum
872 1887 983 1979 operis
1004 1884 1120 1959 ¹veluti

73 1983 173 2051 nodis
195 1990 228 2055 e't
249 1984 390 2077 pessulis
412 1982 644 2077 praecludere,
668 2004 739 2052 tum
761 1987 849 2054 male
871 1988 1043 2082 expeditae
1064 1989 1120 2055 hi-

74 2090 218 2154 storiam
232 2090 340 2182 ipsam
362 2091 557 2157 commentis
584 2089 752 2156 cumulare
782 2094 1048 2191 perturbarcque
1070 2092 1121 2160 sa-

45 2204 46 2211 ’
75 2190 138 2258 cile
160 2210 309 2284 possunt.
354 2200 437 2260 istae
456 2218 535 2262 vero
558 2193 777 2278 difficultates,
799 2196 857 2264 hic
874 2196 944 2276 illic
965 2220 1029 2293 per.
1048 2199 1119 2265 sin-

74 2295 166 2388 gulas
202 2282 452 2414 Demosthenis
460 2298 685 2421 aliorumque
716 2303 882 2370 orationes
924 2301 1005 2375 aliae
1044 2300 1119 2368 aliis

74 2424 265 2523 spa⁴1sae‚u
395 2426 439 2471 no
458 2406 569 2475 uentu
594 2406 632 2471 in
661 2429 731 2501 eam
763 2425 962 2501 reprimunt,
991 2409 1028 2472 in
1050 2430 1119 2496 qua

213 2578 270 2621 ⁴⁴⁴
394 2508 552 2607 “aetatis
580 2510 730 2622 spatium
754 2521 979 2629 peragratur
1009 2510 1119 2606 Acce-

70 2795 177 2925 quam
204 2794 403 2913 inquens
413 2796 500 2886 alia
499 2818 755 2910 reperiuntur
757 2819 846 2925 Ep
858 2822 986 2889 etenim
987 2785 1117 2923 ιιιιιιιιι

71 2948 135 3017 per
156 2948 191 2991 se
213 2923 402 3011 firmissima
423 2938 540 2990 rerum
557 2935 691 3021 tempor
718 2930 794 3015 [ᾗ
801 2919 1031 3009 '''·'tesumon1a
1037 2930 1117 3046 ιιιιι

27 3119 30 3124 ⁴
71 3048 246 3140 possent,
249 3007 309 3100 tali
331 3047 442 3116 tamen
463 3043 541 3094 sunt
563 3024 799 3116 conditione,
871 3033 912 3107 ζ’

71 3132 251 3226 oratorum
248 3130 508 3229 Acriptorumve
533 3110 700 3201 relatione
718 3125 843 3228 saepe²‘''
864 3210 867 3215 ⁴
891 3111 981 3225 ζ’

42 3236 44 3241 ’
72 3208 171 3332 danA,
203 3204 336 3333 aiilique
357 3238 463 3304 multa
492 3256 525 3306 ct
545 3237 631 3304 mira
656 3225 923 3322 contineant,
891 3207 1058 3358 quarum
1061 3228 1118 3317 ιι·

66 3339 289 3442 ‚plicatropdm
311 3343 570 3410 sollertissima
560 3343 690 3435 ingenii
720 3343 875 3437 sagacitas
904 3343 960 3409 vix
988 3337 1119 3415 assecu-
1172 3336 1173 3340 ¹

63 3452 146 3523 ‚tura
168 3446 272 3521 sius.

157 3657 253 3723 His
243 3658 345 3771 igitur
366 3644 469 3759 ¹veluti
491 3648 646 3752 vepribus
669 3678 761 3757 septa
790 3679 838 3727 est
866 3660 970 3728 oratio
991 3659 1037 3726 de
1059 3681 1116 3725 co-

70 3783 171 3839 rona,
212 3785 298 3854 quae
336 3751 498 3854 qnantum
533 3760 716 3829 dilucidam
754 3766 823 3830 cius
860 3763 1115 3880 intelligentiam

69 3864 299 3957 praepediunt,
323 3871 425 3943 sensit
447 3865 537 3933 haud
554 3866 657 3934 dubie
672 3869 867 3935 lectorum
853 3894 887 3936 is
912 3872 1028 3945 etiam,
1052 3865 1112 3957 qui

1 3997 3 4000 ’
35 3979 50 3992 ”
69 3970 266 4062 perlustrata
288 3970 423 4038 modo
413 3997 450 4037 ιιι
473 3973 697 4041 recentiorum
727 3975 896 4040 subsidiis
904 3970 1114 4061 Philippicae
