<?xml version="1.0" encoding="UTF-8"?>
<!DOCTYPE html PUBLIC "-//W3C//DTD XHTML 1.0 Transitional//EN"
    "http://www.w3.org/TR/xhtml1/DTD/xhtml1-transitional.dtd">
<html xmlns="http://www.w3.org/1999/xhtml" xml:lang="en" lang="en">
 <head>
  <title>
</title>
<meta http-equiv="Content-Type" content="text/html;charset=utf-8" />
  <meta name='ocr-system' content='tesseract 3.04.00' />
  <meta name='ocr-capabilities' content='ocr_page ocr_carea ocr_par ocr_line ocrx_word'/>
</head>
<body>
  <div class='ocr_page' id='page_1' title='image "./commentariihist00wiengoog_0044.png"; bbox 0 0 2594 4672; ppageno 0'>
   <div class='ocr_carea' id='block_1_1' title="bbox 516 271 693 374">
    <p class='ocr_par' dir='ltr' id='par_1_1' title="bbox 516 271 693 374">
     <span class='ocr_line' id='line_1_1' title="bbox 516 271 693 374; baseline -0.023 1"><span class='ocrx_word' id='word_1_1' title='bbox 516 271 672 374; x_wconf 63' lang='grc'>,33-</span> <span class='ocrx_word' id='word_1_2' title='bbox 691 364 693 371; x_wconf 85' lang='grc'><strong>,</strong></span> 
     </span>
    </p>
   </div>
   <div class='ocr_carea' id='block_1_2' title="bbox 72 430 1116 641">
    <p class='ocr_par' dir='ltr' id='par_1_2' title="bbox 72 425 1116 641">
     <span class='ocr_line' id='line_1_2' title="bbox 72 430 1113 530; baseline 0.005 -28"><span class='ocrx_word' id='word_1_3' title='bbox 72 435 164 530; x_wconf 83' lang='lat' dir='ltr'><strong>cipes</strong></span> <span class='ocrx_word' id='word_1_4' title='bbox 187 436 399 528; x_wconf 83' lang='lat' dir='ltr'>corruptione</span> <span class='ocrx_word' id='word_1_5' title='bbox 430 434 472 502; x_wconf 89' lang='lat' dir='ltr'>ad</span> <span class='ocrx_word' id='word_1_6' title='bbox 493 435 622 503; x_wconf 86' lang='lat' dir='ltr'>bellum</span> <span class='ocrx_word' id='word_1_7' title='bbox 655 430 809 507; x_wconf 83' lang='lat' dir='ltr'>adversus</span> <span class='ocrx_word' id='word_1_8' title='bbox 832 436 1113 508; x_wconf 88' lang='lat' dir='ltr'>Lacedaemonios</span> 
     </span>
     <span class='ocr_line' id='line_1_3' title="bbox 72 538 1116 641; baseline 0.007 -35"><span class='ocrx_word' id='word_1_9' title='bbox 72 538 286 606; x_wconf 84' lang='lat' dir='ltr'>excitandum</span> <span class='ocrx_word' id='word_1_10' title='bbox 309 559 540 607; x_wconf 87' lang='lat' dir='ltr'>commoveret.</span> <span class='ocrx_word' id='word_1_11' title='bbox 584 543 626 608; x_wconf 87' lang='lat' dir='ltr'>V.</span> <span class='ocrx_word' id='word_1_12' title='bbox 648 544 735 608; x_wconf 88' lang='lat' dir='ltr'>Xen.</span> <span class='ocrx_word' id='word_1_13' title='bbox 753 540 852 607; x_wconf 81' lang='lat' dir='ltr'>·Hell.</span> <span class='ocrx_word' id='word_1_14' title='bbox 884 541 952 623; x_wconf 94' lang='grc' dir='ltr'><strong>ΙΙΙ,</strong></span> <span class='ocrx_word' id='word_1_15' title='bbox 976 545 1015 624; x_wconf 80' lang='grc'>5,</span> <span class='ocrx_word' id='word_1_16' title='bbox 1042 567 1053 641; x_wconf 69' lang='lat' dir='ltr'>r</span> <span class='ocrx_word' id='word_1_17' title='bbox 1082 562 1116 613; x_wconf 86' lang='lat' dir='ltr'>et</span> 
     </span>
    </p>
   </div>
   <div class='ocr_carea' id='block_1_3' title="bbox 72 642 1220 740">
    <p class='ocr_par' dir='ltr' id='par_1_3' title="bbox 72 642 1220 740">
     <span class='ocr_line' id='line_1_4' title="bbox 72 642 1220 740; baseline 0.004 -31"><span class='ocrx_word' id='word_1_18' title='bbox 72 668 93 710; x_wconf 82' lang='lat' dir='ltr'>n</span> <span class='ocrx_word' id='word_1_19' title='bbox 128 645 244 735; x_wconf 88' lang='lat' dir='ltr'>ibique</span> <span class='ocrx_word' id='word_1_20' title='bbox 267 642 459 710; x_wconf 84' lang='lat' dir='ltr'>Schneider.</span> <span class='ocrx_word' id='word_1_21' title='bbox 502 646 557 711; x_wconf 91' lang='lat' dir='ltr'>Ab</span> <span class='ocrx_word' id='word_1_22' title='bbox 586 645 651 722; x_wconf 87' lang='lat' dir='ltr'>hoc</span> <span class='ocrx_word' id='word_1_23' title='bbox 679 646 781 737; x_wconf 88' lang='lat' dir='ltr'>igitur</span> <span class='ocrx_word' id='word_1_24' title='bbox 809 646 954 738; x_wconf 87' lang='lat' dir='ltr'>instigati</span> <span class='ocrx_word' id='word_1_25' title='bbox 981 649 1020 712; x_wconf 90' lang='lat' dir='ltr'>in</span> <span class='ocrx_word' id='word_1_26' title='bbox 1041 650 1115 740; x_wconf 91' lang='lat' dir='ltr'>pri·</span> <span class='ocrx_word' id='word_1_27' title='bbox 1216 692 1220 703; x_wconf 88' lang='lat'><em>·</em></span> 
     </span>
    </p>
   </div>
   <div class='ocr_carea' id='block_1_4' title="bbox 56 748 1207 1782">
    <p class='ocr_par' dir='ltr' id='par_1_4' title="bbox 56 748 1207 1782">
     <span class='ocr_line' id='line_1_5' title="bbox 56 748 1165 824; baseline 0.003 -10"><span class='ocrx_word' id='word_1_28' title='bbox 56 750 137 824; x_wconf 86' lang='lat' dir='ltr'>¹mis</span> <span class='ocrx_word' id='word_1_29' title='bbox 157 748 310 814; x_wconf 88' lang='lat' dir='ltr'>Thebani</span> <span class='ocrx_word' id='word_1_30' title='bbox 338 749 450 815; x_wconf 91' lang='lat' dir='ltr'>statim</span> <span class='ocrx_word' id='word_1_31' title='bbox 479 767 624 816; x_wconf 88' lang='lat' dir='ltr'>veterem</span> <span class='ocrx_word' id='word_1_32' title='bbox 646 751 827 817; x_wconf 87' lang='lat' dir='ltr'>Locrenses</span> <span class='ocrx_word' id='word_1_33' title='bbox 854 750 943 816; x_wconf 91' lang='lat' dir='ltr'>inter</span> <span class='ocrx_word' id='word_1_34' title='bbox 964 749 1115 817; x_wconf 86' lang='lat' dir='ltr'>Phocen-</span> <span class='ocrx_word' id='word_1_35' title='bbox 1163 773 1165 777; x_wconf 80' lang='grc'><strong>’</strong></span> 
     </span>
     <span class='ocr_line' id='line_1_6' title="bbox 73 850 1148 949; baseline 0.003 -31"><span class='ocrx_word' id='word_1_36' title='bbox 73 877 192 944; x_wconf 80' lang='lat' dir='ltr'>sesque</span> <span class='ocrx_word' id='word_1_37' title='bbox 215 850 414 919; x_wconf 82' lang='lat' dir='ltr'>simultatem</span> <span class='ocrx_word' id='word_1_38' title='bbox 436 853 636 938; x_wconf 80' lang='lat' dir='ltr'>Incendunt3</span> <span class='ocrx_word' id='word_1_39' title='bbox 658 852 810 946; x_wconf 85' lang='lat' dir='ltr'>sectaque</span> <span class='ocrx_word' id='word_1_40' title='bbox 832 851 1054 920; x_wconf 89' lang='lat' dir='ltr'>Phocensium</span> <span class='ocrx_word' id='word_1_41' title='bbox 1075 858 1115 921; x_wconf 89' lang='lat' dir='ltr'>in</span> <span class='ocrx_word' id='word_1_42' title='bbox 1144 922 1148 949; x_wconf 37' lang='lat'>3</span> 
     </span>
     <span class='ocr_line' id='line_1_7' title="bbox 72 955 1115 1049; baseline 0.001 -26"><span class='ocrx_word' id='word_1_43' title='bbox 72 955 264 1039; x_wconf 81' lang='lat' dir='ltr'>Locridem‘</span> <span class='ocrx_word' id='word_1_44' title='bbox 275 957 507 1046; x_wconf 90' lang='lat' dir='ltr'>impressione,</span> <span class='ocrx_word' id='word_1_45' title='bbox 537 958 760 1025; x_wconf 84' lang='lat' dir='ltr'>Locrensibus</span> <span class='ocrx_word' id='word_1_46' title='bbox 789 959 856 1049; x_wconf 89' lang='lat' dir='ltr'>ipsi</span> <span class='ocrx_word' id='word_1_47' title='bbox 885 955 1043 1022; x_wconf 84' lang='lat' dir='ltr'>auxilium</span> <span class='ocrx_word' id='word_1_48' title='bbox 1065 956 1115 1024; x_wconf 89' lang='lat' dir='ltr'>se-</span> 
     </span>
     <span class='ocr_line' id='line_1_8' title="bbox 70 1048 1133 1155; baseline 0 -27"><span class='ocrx_word' id='word_1_49' title='bbox 70 1078 162 1128; x_wconf 75' lang='lat' dir='ltr'>runt.</span> <span class='ocrx_word' id='word_1_50' title='bbox 184 1072 187 1078; x_wconf 84' lang='lat'>&#39;</span> <span class='ocrx_word' id='word_1_51' title='bbox 210 1062 283 1144; x_wconf 89' lang='lat' dir='ltr'>Quo</span> <span class='ocrx_word' id='word_1_52' title='bbox 314 1059 398 1128; x_wconf 85' lang='lat' dir='ltr'>facto</span> <span class='ocrx_word' id='word_1_53' title='bbox 420 1048 615 1130; x_wconf 67' lang='lat' dir='ltr'>3Phoeenses</span> <span class='ocrx_word' id='word_1_54' title='bbox 645 1078 899 1155; x_wconf 89' lang='lat' dir='ltr'>conqueruntur</span> <span class='ocrx_word' id='word_1_55' title='bbox 930 1060 1022 1152; x_wconf 88' lang='lat' dir='ltr'>apud</span> <span class='ocrx_word' id='word_1_56' title='bbox 1050 1063 1133 1151; x_wconf 23' lang='lat' dir='ltr'>La,-¹</span> 
     </span>
     <span class='ocr_line' id='line_1_9' title="bbox 72 1164 1207 1261; baseline 0.001 -28"><span class='ocrx_word' id='word_1_57' title='bbox 72 1164 313 1247; x_wconf 81' lang='lat' dir='ltr'>cedaemonios,</span> <span class='ocrx_word' id='word_1_58' title='bbox 337 1165 396 1255; x_wconf 85' lang='lat' dir='ltr'>qui</span> <span class='ocrx_word' id='word_1_59' title='bbox 418 1164 498 1233; x_wconf 90' lang='lat' dir='ltr'>inde</span> <span class='ocrx_word' id='word_1_60' title='bbox 521 1167 621 1233; x_wconf 86' lang='lat' dir='ltr'>afine</span> <span class='ocrx_word' id='word_1_61' title='bbox 632 1166 719 1235; x_wconf 87' lang='lat' dir='ltr'>belli</span> <span class='ocrx_word' id='word_1_62' title='bbox 735 1165 1009 1261; x_wconf 83' lang='lat' dir='ltr'>Peloponnesiaci</span> <span class='ocrx_word' id='word_1_63' title='bbox 1022 1166 1115 1234; x_wconf 88' lang='lat' dir='ltr'>The·</span> <span class='ocrx_word' id='word_1_64' title='bbox 1205 1223 1207 1245; x_wconf 78' lang='grc'><strong>,</strong></span> 
     </span>
     <span class='ocr_line' id='line_1_10' title="bbox 72 1267 1115 1364; baseline 0.001 -26"><span class='ocrx_word' id='word_1_65' title='bbox 72 1271 168 1338; x_wconf 86' lang='lat' dir='ltr'>banis</span> <span class='ocrx_word' id='word_1_66' title='bbox 191 1267 303 1334; x_wconf 88' lang='lat' dir='ltr'>multis</span> <span class='ocrx_word' id='word_1_67' title='bbox 326 1267 368 1332; x_wconf 89' lang='lat' dir='ltr'>de</span> <span class='ocrx_word' id='word_1_68' title='bbox 391 1272 494 1335; x_wconf 87' lang='lat' dir='ltr'>causis</span> <span class='ocrx_word' id='word_1_69' title='bbox 517 1273 659 1362; x_wconf 82' lang='lat' dir='ltr'>graviter</span> <span class='ocrx_word' id='word_1_70' title='bbox 679 1273 802 1364; x_wconf 82' lang='lat' dir='ltr'>infensi¹</span> <span class='ocrx_word' id='word_1_71' title='bbox 823 1271 968 1337; x_wconf 85' lang='lat' dir='ltr'>libenter</span> <span class='ocrx_word' id='word_1_72' title='bbox 987 1272 1115 1364; x_wconf 89' lang='lat' dir='ltr'>Lysan-</span> 
     </span>
     <span class='ocr_line' id='line_1_11' title="bbox 74 1372 1114 1445; baseline 0.003 -3"><span class='ocrx_word' id='word_1_73' title='bbox 74 1375 173 1442; x_wconf 84' lang='lat' dir='ltr'>drum</span> <span class='ocrx_word' id='word_1_74' title='bbox 196 1376 231 1440; x_wconf 90' lang='lat' dir='ltr'>in</span> <span class='ocrx_word' id='word_1_75' title='bbox 253 1373 425 1443; x_wconf 84' lang='lat' dir='ltr'>Boeotiam</span> <span class='ocrx_word' id='word_1_76' title='bbox 447 1372 489 1440; x_wconf 88' lang='lat' dir='ltr'>ad</span> <span class='ocrx_word' id='word_1_77' title='bbox 510 1375 689 1444; x_wconf 84' lang='lat' dir='ltr'>vindictam</span> <span class='ocrx_word' id='word_1_78' title='bbox 717 1377 760 1443; x_wconf 91' lang='lat' dir='ltr'>de</span> <span class='ocrx_word' id='word_1_79' title='bbox 782 1376 952 1444; x_wconf 81' lang='lat' dir='ltr'>Thebanis</span> <span class='ocrx_word' id='word_1_80' title='bbox 978 1400 1114 1445; x_wconf 86' lang='lat' dir='ltr'>sumen-</span> 
     </span>
     <span class='ocr_line' id='line_1_12' title="bbox 71 1477 1114 1573; baseline 0 -25"><span class='ocrx_word' id='word_1_81' title='bbox 71 1480 150 1549; x_wconf 84' lang='lat' dir='ltr'>dar‘n</span> <span class='ocrx_word' id='word_1_82' title='bbox 175 1481 324 1547; x_wconf 89' lang='lat' dir='ltr'>mittunt.</span> <span class='ocrx_word' id='word_1_83' title='bbox 367 1477 557 1544; x_wconf 80' lang='lat' dir='ltr'>Xenflell.</span> <span class='ocrx_word' id='word_1_84' title='bbox 581 1478 642 1560; x_wconf 91' lang='lat' dir='ltr'>III,</span> <span class='ocrx_word' id='word_1_85' title='bbox 667 1481 697 1562; x_wconf 86' lang='lat'>5,</span> <span class='ocrx_word' id='word_1_86' title='bbox 722 1483 751 1548; x_wconf 87' lang='lat'>5.</span> <span class='ocrx_word' id='word_1_87' title='bbox 796 1479 880 1547; x_wconf 90' lang='lat' dir='ltr'>Inde</span> <span class='ocrx_word' id='word_1_88' title='bbox 902 1482 1006 1573; x_wconf 85' lang='lat' dir='ltr'>igitur</span> <span class='ocrx_word' id='word_1_89' title='bbox 1019 1483 1114 1549; x_wconf 90' lang='lat' dir='ltr'>The-</span> 
     </span>
     <span class='ocr_line' id='line_1_13' title="bbox 68 1580 1112 1676; baseline 0.003 -26"><span class='ocrx_word' id='word_1_90' title='bbox 68 1585 165 1665; x_wconf 89' lang='lat' dir='ltr'>bani,</span> <span class='ocrx_word' id='word_1_91' title='bbox 199 1580 539 1662; x_wconf 78' lang='lat' dir='ltr'>Lacedaemoniorum</span> <span class='ocrx_word' id='word_1_92' title='bbox 557 1584 654 1650; x_wconf 65' lang='lat' dir='ltr'>,iram</span> <span class='ocrx_word' id='word_1_93' title='bbox 678 1585 968 1676; x_wconf 89' lang='lat' dir='ltr'>pertimescentes,</span> <span class='ocrx_word' id='word_1_94' title='bbox 1007 1586 1112 1653; x_wconf 86' lang='lat' dir='ltr'>Athe-</span> 
     </span>
     <span class='ocr_line' id='line_1_14' title="bbox 71 1686 1113 1782; baseline 0.002 -28"><span class='ocrx_word' id='word_1_95' title='bbox 71 1691 215 1769; x_wconf 88' lang='lat' dir='ltr'>nienses,</span> <span class='ocrx_word' id='word_1_96' title='bbox 238 1706 275 1754; x_wconf 89' lang='lat' dir='ltr'>ut</span> <span class='ocrx_word' id='word_1_97' title='bbox 296 1686 377 1782; x_wconf 79' lang='lat' dir='ltr'>belli</span> <span class='ocrx_word' id='word_1_98' title='bbox 399 1688 588 1754; x_wconf 89' lang='lat' dir='ltr'>societatem</span> <span class='ocrx_word' id='word_1_99' title='bbox 615 1713 728 1756; x_wconf 90' lang='lat' dir='ltr'>secum</span> <span class='ocrx_word' id='word_1_100' title='bbox 751 1689 891 1769; x_wconf 89' lang='lat' dir='ltr'>inirent,</span> <span class='ocrx_word' id='word_1_101' title='bbox 919 1687 1113 1780; x_wconf 85' lang='lat' dir='ltr'>implorant.</span> 
     </span>
    </p>
   </div>
   <div class='ocr_carea' id='block_1_5' title="bbox 70 1790 1213 1885">
    <p class='ocr_par' dir='ltr' id='par_1_5' title="bbox 70 1790 1213 1885">
     <span class='ocr_line' id='line_1_15' title="bbox 70 1790 1213 1885; baseline -0.001 -26"><span class='ocrx_word' id='word_1_102' title='bbox 70 1793 116 1859; x_wconf 73' lang='grc' dir='ltr'>ΙΙΙ</span> <span class='ocrx_word' id='word_1_103' title='bbox 137 1815 227 1872; x_wconf 82' lang='lat' dir='ltr'>vero,</span> <span class='ocrx_word' id='word_1_104' title='bbox 251 1817 453 1884; x_wconf 87' lang='lat' dir='ltr'>quamquam</span> <span class='ocrx_word' id='word_1_105' title='bbox 476 1790 631 1875; x_wconf 74' lang='lat' dir='ltr'>damnis,</span> <span class='ocrx_word' id='word_1_106' title='bbox 654 1816 740 1885; x_wconf 73' lang='lat' dir='ltr'>quae</span> <span class='ocrx_word' id='word_1_107' title='bbox 769 1816 853 1884; x_wconf 86' lang='lat' dir='ltr'>pace</span> <span class='ocrx_word' id='word_1_108' title='bbox 881 1791 941 1860; x_wconf 87' lang='lat' dir='ltr'>illa</span> <span class='ocrx_word' id='word_1_109' title='bbox 969 1795 1113 1884; x_wconf 87' lang='lat' dir='ltr'>ignomi-</span> <span class='ocrx_word' id='word_1_110' title='bbox 1207 1841 1213 1866; x_wconf 55' lang='grc'><strong><em>;</em></strong></span> 
     </span>
    </p>
   </div>
   <div class='ocr_carea' id='block_1_6' title="bbox 66 1894 1114 2303">
    <p class='ocr_par' dir='ltr' id='par_1_6' title="bbox 66 1894 1114 2303">
     <span class='ocr_line' id='line_1_16' title="bbox 68 1894 1113 1979; baseline 0.001 -17"><span class='ocrx_word' id='word_1_111' title='bbox 68 1894 352 1979; x_wconf 59' lang='lat' dir='ltr'>niosa&#39;fecerant,</span> <span class='ocrx_word' id='word_1_112' title='bbox 386 1894 539 1963; x_wconf 89' lang='lat' dir='ltr'>nondum</span> <span class='ocrx_word' id='word_1_113' title='bbox 566 1898 739 1978; x_wconf 90' lang='lat' dir='ltr'>correctis,</span> <span class='ocrx_word' id='word_1_114' title='bbox 768 1895 879 1963; x_wconf 88' lang='lat' dir='ltr'>datam</span> <span class='ocrx_word' id='word_1_115' title='bbox 906 1913 1018 1963; x_wconf 90' lang='lat' dir='ltr'>tamen</span> <span class='ocrx_word' id='word_1_116' title='bbox 1046 1898 1113 1964; x_wconf 91' lang='lat' dir='ltr'>sibi</span> 
     </span>
     <span class='ocr_line' id='line_1_17' title="bbox 66 1999 1112 2094; baseline 0.002 -29"><span class='ocrx_word' id='word_1_117' title='bbox 66 2002 217 2092; x_wconf 79' lang='lat' dir='ltr'>primam</span> <span class='ocrx_word' id='word_1_118' title='bbox 238 2002 355 2067; x_wconf 81' lang='lat' dir='ltr'>veteris</span> <span class='ocrx_word' id='word_1_119' title='bbox 378 1999 530 2067; x_wconf 85' lang='lat' dir='ltr'>fortunae</span> <span class='ocrx_word' id='word_1_120' title='bbox 552 2000 800 2092; x_wconf 84' lang='lat' dir='ltr'>recuperandae</span> <span class='ocrx_word' id='word_1_121' title='bbox 827 2003 1112 2094; x_wconf 88' lang='lat' dir='ltr'>opportunitatem</span> 
     </span>
     <span class='ocr_line' id='line_1_18' title="bbox 67 2097 1112 2197; baseline 0.002 -27"><span class='ocrx_word' id='word_1_122' title='bbox 67 2105 151 2183; x_wconf 88' lang='lat' dir='ltr'>rati,</span> <span class='ocrx_word' id='word_1_123' title='bbox 182 2121 313 2170; x_wconf 86' lang='lat' dir='ltr'>auctore</span> <span class='ocrx_word' id='word_1_124' title='bbox 340 2103 547 2197; x_wconf 88' lang='lat' dir='ltr'>Thrasybulo</span> <span class='ocrx_word' id='word_1_125' title='bbox 582 2097 688 2197; x_wconf 24' lang='lat' dir='ltr'>opem*</span> <span class='ocrx_word' id='word_1_126' title='bbox 711 2104 883 2175; x_wconf 82' lang='lat' dir='ltr'>ferendam</span> <span class='ocrx_word' id='word_1_127' title='bbox 918 2103 1112 2172; x_wconf 83' lang='lat' dir='ltr'>decernunt.</span> 
     </span>
     <span class='ocr_line' id='line_1_19' title="bbox 69 2204 1114 2303; baseline 0.003 -28"><span class='ocrx_word' id='word_1_128' title='bbox 69 2204 245 2299; x_wconf 87' lang='lat' dir='ltr'>Lysander</span> <span class='ocrx_word' id='word_1_129' title='bbox 280 2207 427 2275; x_wconf 85' lang='lat' dir='ltr'>collectis</span> <span class='ocrx_word' id='word_1_130' title='bbox 464 2207 507 2272; x_wconf 92' lang='lat' dir='ltr'>ad</span> <span class='ocrx_word' id='word_1_131' title='bbox 541 2208 727 2275; x_wconf 88' lang='lat' dir='ltr'>Haliartum</span> <span class='ocrx_word' id='word_1_132' title='bbox 762 2211 869 2303; x_wconf 87' lang='lat' dir='ltr'>copiis</span> <span class='ocrx_word' id='word_1_133' title='bbox 896 2210 1114 2278; x_wconf 83' lang='lat' dir='ltr'>immaturum</span> 
     </span>
    </p>
   </div>
   <div class='ocr_carea' id='block_1_7' title="bbox 73 2309 1215 2405">
    <p class='ocr_par' dir='ltr' id='par_1_7' title="bbox 73 2306 1215 2405">
     <span class='ocr_line' id='line_1_20' title="bbox 73 2309 1215 2405; baseline 0.004 -29"><span class='ocrx_word' id='word_1_134' title='bbox 73 2334 155 2376; x_wconf 88' lang='lat' dir='ltr'>cum</span> <span class='ocrx_word' id='word_1_135' title='bbox 170 2309 339 2384; x_wconf 84' lang='lat' dir='ltr'>Thebanis</span> <span class='ocrx_word' id='word_1_136' title='bbox 360 2311 529 2403; x_wconf 90' lang='lat' dir='ltr'>proelium</span> <span class='ocrx_word' id='word_1_137' title='bbox 549 2314 735 2393; x_wconf 85' lang='lat' dir='ltr'>committit,</span> <span class='ocrx_word' id='word_1_138' title='bbox 758 2314 795 2378; x_wconf 91' lang='lat' dir='ltr'>in</span> <span class='ocrx_word' id='word_1_139' title='bbox 818 2336 924 2404; x_wconf 84' lang='lat' dir='ltr'>eoque</span> <span class='ocrx_word' id='word_1_140' title='bbox 944 2315 1018 2405; x_wconf 90' lang='lat' dir='ltr'>ipse</span> <span class='ocrx_word' id='word_1_141' title='bbox 1039 2311 1113 2405; x_wconf 85' lang='lat' dir='ltr'>glo·</span> <span class='ocrx_word' id='word_1_142' title='bbox 1210 2360 1215 2368; x_wconf 87' lang='lat'>·</span> 
     </span>
    </p>
   </div>
   <div class='ocr_carea' id='block_1_8' title="bbox 31 2402 1186 4170">
    <p class='ocr_par' dir='ltr' id='par_1_8' title="bbox 31 2402 1186 4170">
     <span class='ocr_line' id='line_1_21' title="bbox 31 2402 1113 2507; baseline 0.003 -27"><span class='ocrx_word' id='word_1_143' title='bbox 31 2404 37 2414; x_wconf 60' lang='grc'>’</span> <span class='ocrx_word' id='word_1_144' title='bbox 67 2415 194 2480; x_wconf 84' lang='lat' dir='ltr'>riosam</span> <span class='ocrx_word' id='word_1_145' title='bbox 208 2429 350 2479; x_wconf 88' lang='lat' dir='ltr'>mortem</span> <span class='ocrx_word' id='word_1_146' title='bbox 367 2412 560 2479; x_wconf 91' lang='lat' dir='ltr'>succumbit.</span> <span class='ocrx_word' id='word_1_147' title='bbox 591 2402 758 2480; x_wconf 51' lang='lat' dir='ltr'>¹Postridie</span> <span class='ocrx_word' id='word_1_148' title='bbox 773 2416 947 2481; x_wconf 88' lang='lat' dir='ltr'>Pausanias</span> <span class='ocrx_word' id='word_1_149' title='bbox 959 2439 1028 2497; x_wconf 80' lang='lat' dir='ltr'>rex,</span> <span class='ocrx_word' id='word_1_150' title='bbox 1052 2417 1113 2507; x_wconf 87' lang='lat' dir='ltr'>qui</span> 
     </span>
     <span class='ocr_line' id='line_1_22' title="bbox 68 2509 1174 2608; baseline 0 -24"><span class='ocrx_word' id='word_1_151' title='bbox 68 2515 190 2586; x_wconf 88' lang='lat' dir='ltr'>eodem</span> <span class='ocrx_word' id='word_1_152' title='bbox 232 2514 287 2590; x_wconf 88' lang='lat' dir='ltr'>die</span> <span class='ocrx_word' id='word_1_153' title='bbox 324 2542 401 2584; x_wconf 89' lang='lat' dir='ltr'>cum</span> <span class='ocrx_word' id='word_1_154' title='bbox 431 2514 602 2608; x_wconf 86' lang='lat' dir='ltr'>Lysandro</span> <span class='ocrx_word' id='word_1_155' title='bbox 642 2516 685 2581; x_wconf 89' lang='lat' dir='ltr'>ad</span> <span class='ocrx_word' id='word_1_156' title='bbox 717 2515 902 2585; x_wconf 84' lang='lat' dir='ltr'>Haliartum</span> <span class='ocrx_word' id='word_1_157' title='bbox 935 2521 1112 2596; x_wconf 86' lang='lat' dir='ltr'>convenire</span> <span class='ocrx_word' id='word_1_158' title='bbox 1172 2509 1174 2512; x_wconf 10' lang='grc' dir='ltr'><em>Α</em></span> 
     </span>
     <span class='ocr_line' id='line_1_23' title="bbox 66 2621 1113 2714; baseline -0.001 -26"><span class='ocrx_word' id='word_1_159' title='bbox 66 2623 175 2688; x_wconf 90' lang='lat' dir='ltr'>iussus</span> <span class='ocrx_word' id='word_1_160' title='bbox 199 2638 277 2702; x_wconf 90' lang='lat' dir='ltr'>erat,</span> <span class='ocrx_word' id='word_1_161' title='bbox 300 2647 376 2707; x_wconf 83' lang='lat' dir='ltr'>cum</span> <span class='ocrx_word' id='word_1_162' title='bbox 398 2621 555 2687; x_wconf 91' lang='lat' dir='ltr'>subsidiis</span> <span class='ocrx_word' id='word_1_163' title='bbox 588 2621 674 2686; x_wconf 75' lang='lat' dir='ltr'>iusto</span> <span class='ocrx_word' id='word_1_164' title='bbox 697 2622 801 2687; x_wconf 90' lang='lat' dir='ltr'>serius</span> <span class='ocrx_word' id='word_1_165' title='bbox 824 2639 976 2714; x_wconf 88' lang='lat' dir='ltr'>apparet,</span> <span class='ocrx_word' id='word_1_166' title='bbox 999 2621 1113 2687; x_wconf 76' lang='lat' dir='ltr'>Athe-</span> 
     </span>
     <span class='ocr_line' id='line_1_24' title="bbox 65 2715 1112 2816; baseline -0.001 -24"><span class='ocrx_word' id='word_1_167' title='bbox 65 2725 241 2792; x_wconf 88' lang='lat' dir='ltr'>niensibus</span> <span class='ocrx_word' id='word_1_168' title='bbox 265 2749 342 2792; x_wconf 86' lang='lat' dir='ltr'>vero</span> <span class='ocrx_word' id='word_1_169' title='bbox 367 2725 452 2792; x_wconf 86' lang='lat' dir='ltr'>duee</span> <span class='ocrx_word' id='word_1_170' title='bbox 476 2725 686 2816; x_wconf 87' lang='lat' dir='ltr'>Thrasybulo</span> <span class='ocrx_word' id='word_1_171' title='bbox 710 2715 865 2803; x_wconf 76' lang='lat' dir='ltr'>celeriter</span> <span class='ocrx_word' id='word_1_172' title='bbox 879 2723 1112 2797; x_wconf 77' lang='lat' dir='ltr'>advolantibus</span> 
     </span>
     <span class='ocr_line' id='line_1_25' title="bbox 64 2828 1112 2922; baseline 0 -25"><span class='ocrx_word' id='word_1_173' title='bbox 64 2831 262 2918; x_wconf 84' lang='lat' dir='ltr'>confligere·</span> <span class='ocrx_word' id='word_1_174' title='bbox 279 2853 349 2893; x_wconf 89' lang='lat' dir='ltr'>non</span> <span class='ocrx_word' id='word_1_175' title='bbox 376 2853 473 2906; x_wconf 83' lang='lat' dir='ltr'>ausus</span> <span class='ocrx_word' id='word_1_176' title='bbox 502 2854 578 2895; x_wconf 91' lang='lat' dir='ltr'>cum</span> <span class='ocrx_word' id='word_1_177' title='bbox 602 2828 771 2909; x_wconf 84' lang='lat' dir='ltr'>Thebanis</span> <span class='ocrx_word' id='word_1_178' title='bbox 797 2831 993 2922; x_wconf 86' lang='lat' dir='ltr'>paciscitur,</span> <span class='ocrx_word' id='word_1_179' title='bbox 1024 2829 1112 2897; x_wconf 85' lang='lat' dir='ltr'>infe-</span> 
     </span>
     <span class='ocr_line' id='line_1_26' title="bbox 67 2931 1111 3026; baseline 0.001 -25"><span class='ocrx_word' id='word_1_180' title='bbox 67 2951 187 3026; x_wconf 88' lang='lat' dir='ltr'>ctaque</span> <span class='ocrx_word' id='word_1_181' title='bbox 222 2958 259 2998; x_wconf 89' lang='lat' dir='ltr'>re</span> <span class='ocrx_word' id='word_1_182' title='bbox 282 2931 420 3000; x_wconf 88' lang='lat' dir='ltr'>domum</span> <span class='ocrx_word' id='word_1_183' title='bbox 446 2934 633 3025; x_wconf 86' lang='lat' dir='ltr'>revertitur.</span> <span class='ocrx_word' id='word_1_184' title='bbox 687 2934 841 3025; x_wconf 86' lang='lat' dir='ltr'>Xenoph.</span> <span class='ocrx_word' id='word_1_185' title='bbox 870 2933 959 2999; x_wconf 88' lang='lat' dir='ltr'>Hell.</span> <span class='ocrx_word' id='word_1_186' title='bbox 995 2934 1045 3017; x_wconf 93' lang='grc' dir='ltr'>ΙΙ,</span> <span class='ocrx_word' id='word_1_187' title='bbox 1079 2937 1111 3016; x_wconf 83' lang='grc'>5,</span> 
     </span>
     <span class='ocr_line' id='line_1_27' title="bbox 69 3025 1113 3131; baseline 0.001 -28"><span class='ocrx_word' id='word_1_188' title='bbox 69 3039 110 3131; x_wconf 74' lang='lat' dir='ltr'>rb</span> <span class='ocrx_word' id='word_1_189' title='bbox 132 3062 205 3129; x_wconf 87' lang='lat' dir='ltr'>sqq.</span> <span class='ocrx_word' id='word_1_190' title='bbox 250 3034 338 3104; x_wconf 90' lang='lat' dir='ltr'>Plut.</span> <span class='ocrx_word' id='word_1_191' title='bbox 362 3035 507 3128; x_wconf 89' lang='lat' dir='ltr'>Lysand.</span> <span class='ocrx_word' id='word_1_192' title='bbox 530 3059 558 3101; x_wconf 90' lang='lat' dir='ltr'>c.</span> <span class='ocrx_word' id='word_1_193' title='bbox 587 3039 625 3103; x_wconf 90' lang='lat'>18</span> <span class='ocrx_word' id='word_1_194' title='bbox 653 3054 686 3102; x_wconf 91' lang='lat' dir='ltr'>et</span> <span class='ocrx_word' id='word_1_195' title='bbox 713 3061 759 3126; x_wconf 87' lang='lat'>19.</span> <span class='ocrx_word' id='word_1_196' title='bbox 803 3025 1062 3118; x_wconf 45' lang='lat' dir='ltr'>Pausanias&#39;lll,</span> <span class='ocrx_word' id='word_1_197' title='bbox 1089 3039 1113 3107; x_wconf 83' lang='lat'>5.</span> 
     </span>
     <span class='ocr_line' id='line_1_28' title="bbox 66 3138 1116 3233; baseline -0.007 -24"><span class='ocrx_word' id='word_1_198' title='bbox 66 3160 101 3210; x_wconf 92' lang='lat' dir='ltr'>et</span> <span class='ocrx_word' id='word_1_199' title='bbox 135 3165 172 3207; x_wconf 91' lang='lat'>10</span> <span class='ocrx_word' id='word_1_200' title='bbox 206 3152 230 3208; x_wconf 80' lang='lat' dir='ltr'>s.</span> <span class='ocrx_word' id='word_1_201' title='bbox 259 3141 282 3206; x_wconf 89' lang='lat' dir='ltr'>f.</span> <span class='ocrx_word' id='word_1_202' title='bbox 338 3141 405 3221; x_wconf 88' lang='lat' dir='ltr'>Res</span> <span class='ocrx_word' id='word_1_203' title='bbox 433 3141 516 3205; x_wconf 90' lang='lat' dir='ltr'>haec</span> <span class='ocrx_word' id='word_1_204' title='bbox 556 3139 680 3206; x_wconf 88' lang='lat' dir='ltr'>accidit</span> <span class='ocrx_word' id='word_1_205' title='bbox 701 3138 893 3233; x_wconf 85' lang='lat' dir='ltr'>¹secundum</span> <span class='ocrx_word' id='word_1_206' title='bbox 922 3138 1116 3224; x_wconf 83' lang='lat' dir='ltr'>Diodorum</span> 
     </span>
     <span class='ocr_line' id='line_1_29' title="bbox 63 3242 1171 3336; baseline -0.001 -24"><span class='ocrx_word' id='word_1_207' title='bbox 63 3245 167 3325; x_wconf 87' lang='lat' dir='ltr'>XIV,</span> <span class='ocrx_word' id='word_1_208' title='bbox 200 3248 235 3312; x_wconf 75' lang='lat'>81</span> <span class='ocrx_word' id='word_1_209' title='bbox 273 3242 412 3336; x_wconf 91' lang='lat' dir='ltr'>Olymp.</span> <span class='ocrx_word' id='word_1_210' title='bbox 444 3243 562 3310; x_wconf 89' lang='lat' dir='ltr'>XCVI</span> <span class='ocrx_word' id='word_1_211' title='bbox 579 3264 612 3310; x_wconf 87' lang='lat' dir='ltr'>a.</span> <span class='ocrx_word' id='word_1_212' title='bbox 647 3266 681 3324; x_wconf 87' lang='lat' dir='ltr'>t,</span> <span class='ocrx_word' id='word_1_213' title='bbox 713 3267 770 3308; x_wconf 88' lang='lat' dir='ltr'>seu</span> <span class='ocrx_word' id='word_1_214' title='bbox 790 3242 1113 3334; x_wconf 85' lang='lat' dir='ltr'>potiussecundum</span> <span class='ocrx_word' id='word_1_215' title='bbox 1169 3242 1171 3246; x_wconf 42' lang='lat'><em>⁴</em></span> 
     </span>
     <span class='ocr_line' id='line_1_30' title="bbox 52 3345 1110 3444; baseline -0.002 -27"><span class='ocrx_word' id='word_1_216' title='bbox 52 3351 305 3444; x_wconf 21' lang='lat' dir='ltr'>&#39;accuratiorem</span> <span class='ocrx_word' id='word_1_217' title='bbox 320 3345 496 3430; x_wconf 89' lang='lat' dir='ltr'>caleulum,</span> <span class='ocrx_word' id='word_1_218' title='bbox 519 3348 580 3439; x_wconf 88' lang='lat' dir='ltr'>qui</span> <span class='ocrx_word' id='word_1_219' title='bbox 597 3345 740 3414; x_wconf 86' lang='lat' dir='ltr'>subduci</span> <span class='ocrx_word' id='word_1_220' title='bbox 766 3372 785 3412; x_wconf 90' lang='lat' dir='ltr'>e</span> <span class='ocrx_word' id='word_1_221' title='bbox 805 3347 1038 3441; x_wconf 89' lang='lat' dir='ltr'>Xenophontis</span> <span class='ocrx_word' id='word_1_222' title='bbox 1054 3348 1110 3437; x_wconf 84' lang='lat' dir='ltr'>lti-</span> 
     </span>
     <span class='ocr_line' id='line_1_31' title="bbox 63 3449 1110 3544; baseline -0.004 -22"><span class='ocrx_word' id='word_1_223' title='bbox 63 3455 167 3522; x_wconf 89' lang='lat' dir='ltr'>storia</span> <span class='ocrx_word' id='word_1_224' title='bbox 194 3470 319 3543; x_wconf 86' lang='lat' dir='ltr'>potest,</span> <span class='ocrx_word' id='word_1_225' title='bbox 349 3449 499 3517; x_wconf 88' lang='lat' dir='ltr'>eiusdem</span> <span class='ocrx_word' id='word_1_226' title='bbox 526 3449 665 3544; x_wconf 88' lang='lat' dir='ltr'>Olymp.</span> <span class='ocrx_word' id='word_1_227' title='bbox 697 3477 724 3517; x_wconf 88' lang='lat' dir='ltr'>a.</span> <span class='ocrx_word' id='word_1_228' title='bbox 759 3450 917 3521; x_wconf 84' lang='lat' dir='ltr'>seeundo.</span> <span class='ocrx_word' id='word_1_229' title='bbox 970 3451 1041 3522; x_wconf 85' lang='lat' dir='ltr'>Sed</span> <span class='ocrx_word' id='word_1_230' title='bbox 1066 3452 1110 3519; x_wconf 88' lang='lat' dir='ltr'>de</span> 
     </span>
     <span class='ocr_line' id='line_1_32' title="bbox 62 3554 1108 3649; baseline -0.002 -23"><span class='ocrx_word' id='word_1_231' title='bbox 62 3576 215 3649; x_wconf 87' lang='lat' dir='ltr'>tempore</span> <span class='ocrx_word' id='word_1_232' title='bbox 244 3581 289 3631; x_wconf 61' lang='lat' dir='ltr'>v„</span> <span class='ocrx_word' id='word_1_233' title='bbox 305 3554 476 3624; x_wconf 89' lang='lat' dir='ltr'>Dodwelli</span> <span class='ocrx_word' id='word_1_234' title='bbox 507 3554 657 3622; x_wconf 89' lang='lat' dir='ltr'>chronol.</span> <span class='ocrx_word' id='word_1_235' title='bbox 686 3556 901 3648; x_wconf 82' lang='lat' dir='ltr'>Xenophont</span> <span class='ocrx_word' id='word_1_236' title='bbox 923 3581 974 3623; x_wconf 89' lang='lat' dir='ltr'>nr.</span> <span class='ocrx_word' id='word_1_237' title='bbox 997 3557 1108 3637; x_wconf 87' lang='lat' dir='ltr'>XVII,</span> 
     </span>
     <span class='ocr_line' id='line_1_33' title="bbox 63 3657 1109 3755; baseline -0.004 -28"><span class='ocrx_word' id='word_1_238' title='bbox 63 3663 124 3755; x_wconf 88' lang='lat' dir='ltr'>qui</span> <span class='ocrx_word' id='word_1_239' title='bbox 159 3679 269 3728; x_wconf 92' lang='lat' dir='ltr'>tamen</span> <span class='ocrx_word' id='word_1_240' title='bbox 301 3683 479 3754; x_wconf 84' lang='lat' dir='ltr'>perperam</span> <span class='ocrx_word' id='word_1_241' title='bbox 513 3657 651 3752; x_wconf 87' lang='lat' dir='ltr'>Olymp.</span> <span class='ocrx_word' id='word_1_242' title='bbox 685 3657 765 3725; x_wconf 83' lang='lat' dir='ltr'>CVI</span> <span class='ocrx_word' id='word_1_243' title='bbox 796 3683 825 3727; x_wconf 89' lang='lat' dir='ltr'>a.</span> <span class='ocrx_word' id='word_1_244' title='bbox 843 3662 885 3728; x_wconf 63' lang='lat' dir='ltr'>x3</span> <span class='ocrx_word' id='word_1_245' title='bbox 937 3657 1109 3752; x_wconf 88' lang='lat' dir='ltr'>Lysandri</span> 
     </span>
     <span class='ocr_line' id='line_1_34' title="bbox 62 3762 1186 3859; baseline -0.004 -27"><span class='ocrx_word' id='word_1_246' title='bbox 62 3765 202 3832; x_wconf 90' lang='lat' dir='ltr'>caedem</span> <span class='ocrx_word' id='word_1_247' title='bbox 225 3766 411 3846; x_wconf 85' lang='lat' dir='ltr'>constituit,</span> <span class='ocrx_word' id='word_1_248' title='bbox 444 3762 602 3858; x_wconf 82' lang='lat' dir='ltr'>deceptus</span> <span class='ocrx_word' id='word_1_249' title='bbox 630 3765 826 3856; x_wconf 83' lang='lat' dir='ltr'>praesertim</span> <span class='ocrx_word' id='word_1_250' title='bbox 848 3763 971 3855; x_wconf 83' lang='lat' dir='ltr'>suade</span> <span class='ocrx_word' id='word_1_251' title='bbox 994 3764 1109 3856; x_wconf 88' lang='lat' dir='ltr'>Pythi·</span> <span class='ocrx_word' id='word_1_252' title='bbox 1183 3850 1186 3859; x_wconf 24' lang='lat' dir='ltr'>y</span> 
     </span>
     <span class='ocr_line' id='line_1_35' title="bbox 62 3858 1181 3962; baseline 0 -26"><span class='ocrx_word' id='word_1_253' title='bbox 62 3858 109 3937; x_wconf 87' lang='lat' dir='ltr'>cis</span> <span class='ocrx_word' id='word_1_254' title='bbox 132 3867 222 3955; x_wconf 85' lang='lat' dir='ltr'>ludis</span> <span class='ocrx_word' id='word_1_255' title='bbox 246 3871 419 3951; x_wconf 89' lang='lat' dir='ltr'>sententia,</span> <span class='ocrx_word' id='word_1_256' title='bbox 442 3892 524 3960; x_wconf 87' lang='lat' dir='ltr'>quos</span> <span class='ocrx_word' id='word_1_257' title='bbox 547 3867 651 3936; x_wconf 88' lang='lat' dir='ltr'>altero</span> <span class='ocrx_word' id='word_1_258' title='bbox 671 3892 807 3962; x_wconf 86' lang='lat' dir='ltr'>quoque</span> <span class='ocrx_word' id='word_1_259' title='bbox 820 3867 1000 3961; x_wconf 89' lang='lat' dir='ltr'>Olympico</span> <span class='ocrx_word' id='word_1_260' title='bbox 1020 3891 1107 3936; x_wconf 87' lang='lat' dir='ltr'>anno</span> <span class='ocrx_word' id='word_1_261' title='bbox 1180 3894 1181 3898; x_wconf 47' lang='lat'>¹</span> 
     </span>
     <span class='ocr_line' id='line_1_36' title="bbox 64 3971 1107 4066; baseline 0.001 -27"><span class='ocrx_word' id='word_1_262' title='bbox 64 3972 173 4040; x_wconf 90' lang='lat' dir='ltr'>editos</span> <span class='ocrx_word' id='word_1_263' title='bbox 205 3974 370 4066; x_wconf 87' lang='lat' dir='ltr'>opinatur.</span> <span class='ocrx_word' id='word_1_264' title='bbox 421 3972 582 4061; x_wconf 23' lang='lat' dir='ltr'>*Nostram</span> <span class='ocrx_word' id='word_1_265' title='bbox 609 3975 807 4050; x_wconf 88' lang='lat' dir='ltr'>sententiam</span> <span class='ocrx_word' id='word_1_266' title='bbox 835 3971 1027 4066; x_wconf 87' lang='lat' dir='ltr'>probabunt</span> <span class='ocrx_word' id='word_1_267' title='bbox 1056 3997 1107 4040; x_wconf 88' lang='lat' dir='ltr'>se-</span> 
     </span>
     <span class='ocr_line' id='line_1_37' title="bbox 63 4095 223 4170; baseline 0 -27"><span class='ocrx_word' id='word_1_268' title='bbox 63 4095 223 4170; x_wconf 63' lang='lat' dir='ltr'>quentia.</span> 
     </span>
    </p>
   </div>
   <div class='ocr_carea' id='block_1_9' title="bbox 0 0 1302 4672">
    <p class='ocr_par' dir='ltr' id='par_1_9' title="bbox 0 0 1302 4672">
     <span class='ocr_line' id='line_1_38' title="bbox 0 0 1302 4672; baseline 0 2"><span class='ocrx_word' id='word_1_269' title='bbox 0 0 1302 4672; x_wconf 95' lang='lat' dir='ltr'> </span> 
     </span>
    </p>
   </div>
  </div>
 </body>
</html>
