2594 4672
54 470 55 473 ’
121 447 178 535 A).
224 441 340 533 Itaque
362 439 587 505 mercenarios
607 436 682 505 illos
706 436 926 501 Athenienses
949 448 982 500 et
1004 435 1168 526 Amphis-

35 630 40 639 ι
121 547 270 616 sensibus
294 542 416 611 auxilio
438 527 621 623 miseiunt,
657 558 689 606 et
716 541 895 631 proprium
924 539 971 602 eis
992 538 1168 630 praefece-

121 667 200 717 runt
234 651 479 740 imperatorem.
541 641 642 728 Quod
680 660 771 709 certe
800 661 876 709 ante
901 643 1168 733 Thargeliouem

50 778 73 798 >¹
121 777 271 828 mensem
293 752 416 818 factum
438 774 507 817 esse
539 773 608 816 non
636 765 754 839 potest.
804 747 900 812 Nam‘
917 747 1168 838 ‘Munychionis

123 857 232 924 adbuc
255 855 310 920 die
333 857 451 922 ultimo
474 853 693 919 Athenienses
724 853 758 915 in
794 850 929 916 decreto
953 849 995 914 de
1017 849 1170 917 induciis

124 963 156 1027 ΙΙ
177 959 327 1047 (de-eor.
350 985 385 1048 p.
409 960 483 1039 282)
513 956 673 1045 Philippo
698 953 923 1020 declararunt:
954 953 1088 1039 καὶγὰρ
1111 961 1173 1020 νῦν

123 1058 160 1123 οὗ
189 1056 308 1142 κέκρικε
334 1065 467 1144 βοηθεῖν
504 1055 537 1142 [ὁ
576 1053 689 1142 δῆμος]
727 1057 758 1118 ἐν
789 1053 889 1128 uideri
923 1059 987 1128 τῶν
1005 1064 1008 1135 j
1020 1057 1170 1140 μετρίων.

35 1152 37 1156 ’
124 1157 220 1224 Nihil
254 1159 356 1249 igitur
390 1157 563 1246 hucusque
594 1156 644 1221 ‘ab
679 1154 939 1221 Atheniensibus
975 1174 1173 1246 susceptum

125 1278 210 1340 erat,
235 1259 327 1352 quod
349 1257 505 1351 Philippo
539 1260 659 1325 iustam
687 1258 730 1323 ad
762 1258 890 1325 bellum
925 1282 1040 1324 ansam
1069 1283 1174 1349 prae-

123 1366 265 1445 buisset,
298 1389 410 1456 neque
441 1363 618 1455 Philippus
647 1365 684 1428 in
711 1386 888 1453 responso,
917 1360 960 1426 ad
993 1361 1174 1428 decretum

125 1466 214 1534 illud
237 1466 327 1548 dato,
352 1468 610 1534 Atheniensibus
640 1464 803 1532 eiusmodi
826 1455 1020 1559 'quidquam
1049 1489 1174 1556 expro-

48 1577 49 1580 ’
125 1579 224 1639 brata
255 1573 347 1658 Quae
371 1597 476 1663 quum
498 1573 543 1637 ita
565 1573 642 1651 sint,
666 1594 872 1661 consequens
897 1586 954 1649 est,
977 1587 1014 1633 ut
1037 1569 1174 1662 Philip-

125 1701 207 1768 pus,
238 1702 343 1765 quum
374 1694 469 1764 cepta
498 1677 609 1741 Elatee
639 1676 711 1741 iter
729 1675 807 1740 sibi
828 1698 892 1764 per
917 1671 1103 1739 Phocidem
1134 1677 1173 1740 in

124 1782 295 1847 Boeotiam
319 1798 352 1845 et
373 1783 519 1847 Atticam
541 1781 724 1871 aperuisset
746 1773 1065 1869 communissetque,
1099 1797 1174 1845 tum

76 1916 80 1922 ·
127 1883 263 1949 demum
285 1876 446 1950 continuo
470 1874 625 1949 adversus
643 1881 894 1975 Amphissenses
917 1883 1066 1976 primum
1087 1906 1174 1973 pro-

125 1989 266 2078 perarit,
299 1989 528 2081 quibus-ante
563 1989 729 2078 oppressis
761 2003 959 2077 congregato
991 1987 1028 2051 in
1062 2009 1171 2052 unum

129 2093 221 2158 omni
244 2092 389 2156 exercitu
412 2089 540 2156 facilius
564 2091 742 2156 Thebanos
770 2108 803 2155 et
824 2091 1044 2156 Athenienses
1066 2113 1169 2180 supc-

126 2212 278 2272 raturnm
302 2218 336 2259 se
349 2219 417 2260 esse
432 2196 593 2286 sperabat.
640 2196 750 2276 Quam
761 2194 815 2260 ‘ob
837 2219 910 2259 rem
922 2219 1027 2285 quum
1039 2191 1172 2258 Plutar-

102 2297 103 2300 '
128 2299 209 2364 chus
236 2301 298 2365 irtel
332 2300 502 2380 Φίλιππος,
543 2300 603 2378 ait,
641 2295 702 2364 inb
732 2301 789 2384 τῆς
814 2301 883 2386 περὶ
912 2298 970 2383 τὴν
990 2299 1176 2385 Ἄμφισσαν

128 2403 270 2486 εὐτυχίας
291 2403 521 2491 ἐπαιρόμενος),
540 2407 582 2480 είς
604 2402 660 2487 τὴν
682 2403 842 2468 Ἐλάτειαν
869 2406 1014 2490 ἐξαίφνης
1050 2403 1175 2469 ἐνέπεσε

128 2510 177 2573 καὶ
201 2507 258 2591 τὴν
284 2511 412 2572 Φωκίδα
434 2509 580 2591 κατέσχεν
602 2509 653 2592 (in
671 2506 841 2571 Demosth.
867 2530 894 2571 c.
923 2509 991 2592 18):
1015 2508 1051 2570 iu
1074 2504 1174 2592 his-t,

54 2668 57 2673 ,
129 2613 197 2696 περὶ
227 2611 285 2694 τὴν
305 2611 483 2697 Ἄμφισσαν
512 2613 637 2692 εὐτυχία
671 2629 726 2676 aut
754 2611 931 2676 excitatum
950 2608 1175 2677 >soh1mtnodo

130 2715 170 2778 ab
210 2712 514 2803 Amphictyonibus
532 2713 674 2778 *bellum
725 2712 878 2779 adversus
908 2714 1175 2804 Amphissenses

130 2815 309 2905 significat,
339 2835 394 2882 aut
421 2819 449 2881 si
483 2819 585 2882 victos
609 2841 626 2880 a
649 2817 808 2908 Philippo
831 2817 1097 2908 Amphisscnses,
1120 2841 1176 2884 er-

130 2943 218 2986 rasse
242 2919 460 2985 Plutarchum
483 2920 693 2987 statuendum
728 2940 785 2987 est.
824 2920 892 2986 Res
921 2924 1013 2998 enim
1035 2946 1073 2987 re
1096 2946 1176 2989 vera

131 3026 175 3091 ita
198 3049 232 3090 se
255 3020 407 3090 habuisse
438 3023 577 3091 videtur.
630 3024 846 3092 Philochorus
876 3026 944 3119 (ap.
975 3028 1117 3118 Dionys.
1151 3025 1175 3094 l.

132 3154 159 3194 c.
184 3129 214 3216 §.
243 3137 381 3211 11)una
405 3153 482 3197 cum
512 3127 624 3194 Elatea
653 3128 851 3222 Philippum
880 3154 1054 3221 occupasse
1080 3112 1177 3224 Cyti-

132 3234 229 3298 nium
255 3232 373 3313 refert,
403 3239 521 3299 urbem
548 3235 725 3314 Doricam,
760 3259 796 3299 ex
830 3258 896 3325 qua
920 3225 995 3298 una
1019 3260 1054 3300 ex
1077 3254 1176 3328 parte

132 3338 197 3401 iter'
218 3338 255 3400 in
277 3335 459 3402 Phocidem
483 3336 635 3428 ducebat,
659 3362 698 3403 ex
722 3337 825 3404 altera
848 3337 892 3402 ad
902 3340 1024 3406 Locros
1038 3339 1175 3420 Ouolas,

133 3437 317 3505 secundum
344 3440 499 3532 Thucyd.
534 3441 600 3521 Ill,
630 3444 683 3530 95.
741 3441 916 3534 Philippus
945 3445 1049 3531 igitur
1078 3462 1177 3537 capta
1206 3445 1209 3452 ’

58 3599 70 3618 ,.
134 3544 404 3634 communitaque
434 3544 549 3610 Elatea
578 3568 655 3610 cum
692 3547 850 3612 exereitus
879 3558 974 3639 parte
1010 3547 1178 3617 Doridem

134 3651 301 3739 ingressus
331 3648 506 3739 Cytinium
535 3651 725 3740 occupavit,
758 3667 798 3715 ut
824 3649 905 3716 inde
935 3653 1097 3719 Parnasso
1134 3651 1178 3716 ad

134 3749 259 3821 laevam
281 3750 399 3819 relicto
423 3740 578 3820 advers‘us
591 3754 842 3846 Amphissenses
857 3753 1063 3847 procederet.
1111 3757 1178 3823 Hic

135 3859 233 3937 victis¹
262 3855 548 3949 pessumdatisque
583 3860 799 3926 mercenariis
836 3858 923 3943 illis,
942 3885 944 3891 ’
964 3859 1073 3926 solum
1109 3863 1179 3928 iam

136 3986 213 4029 cum
248 3957 507 4030 Atheniensibus
539 3963 775 4059 Thebanisque
809 3984 975 4032 certamen
1005 3964 1180 4058 reliquum

23 4132 27 4141 ,
137 4084 215 4135 orat.
262 4067 376 4161 ltaque
404 4069 598 4153 tuncjam,
629 4066 695 4136 illis
723 4071 883 4157 tenaciter
906 4070 952 4134 in
981 4067 1070 4136 bello
1099 4095 1179 4162 pcr-
