2594 4672
568 242 725 349 ..ih-ll-

86 410 88 415 ’
131 413 339 510 disponenda
369 431 495 499 essent,
525 416 562 480 in
592 411 701 479 verbis
728 413 776 478 ίιιί
809 411 919 476 Νικίου
949 410 1072 476 iustam
1102 413 1175 481 iam

129 517 446 612 deprehenderimus
468 514 658 597 formulam,
681 538 767 607 quae
788 515 860 580 viro
886 511 936 578 illi
958 512 1059 580 docto
1081 513 1174 582 liau-

130 624 207 690 dem
238 621 364 702 lecerit,
396 640 435 688 ut
456 621 598 688 scribam
619 642 681 712 pro
705 618 862 685 archonte
886 616 1035 697 haberet,
1058 635 1094 684 et
1118 644 1174 686 ar-

130 727 258 794 chontis
278 724 353 792 loco
376 725 516 791 decretis
537 726 713 801 insereret,
743 723 780 786 in
802 719 869 785 illis
892 719 1032 811 quidem
1053 719 1174 790 addita

130 833 229 898 etiam
250 852 331 896 voce
352 830 518 915 ἄρχοντος,
543 851 643 918 quam
675 825 789 891 Niciae
816 824 897 889 huic
924 820 1085 890 selinon
1113 823 1174 892 ad.

130 934 268 1013 diderit,
300 934 428 1024 quippe
462 929 570 1023 quod,
601 947 639 994 ut
666 926 851 995 Boeclihius
884 927 995 992 statuit
1023 924 1056 1010 (l.
1082 952 1113 995 c.
1135 955 1171 1022 p.

130 1039 195 1121 οδ),Ι
223 1037 278 1101 hic
300 1038 348 1101 ίιτί
376 1037 485 1101 Νικίου
514 1035 551 1098 in
572 1031 683 1100 m'edia
712 1032 863 1099 oratione
891 1031 1053 1122 scriptum
1075 1033 1174 1103 inve·

129 1142 227 1208 uerit.

215 1245 327 1333 Atque
350 1240 442 1333 quod
463 1240 526 1308 hoc
548 1241 776 1307 testimonium
798 1261 837 1303 ex
860 1238 940 1304 actis
957 1236 1172 1307 iudicialibus

130 1349 268 1416 omnino
291 1368 360 1411 non
381 1345 527 1437 potuisse
553 1345 624 1436 peti
655 1341 903 1424 contendimus,
929 1340 1021 1406 idem
1051 1340 1171 1411 eadem

130 1453 173 1519 de
195 1475 291 1518 causa
313 1448 355 1514 de
377 1448 480 1514 altero
505 1470 655 1539 quoque,
678 1445 770 1538 quod
795 1445 875 1510 huic
899 1443 1080 1529 antecedit,
1102 1465 1171 1514 sta-
1193 1474 1195 1479 ⁴

129 1555 292 1624 tuendum
313 1552 452 1619 videtur.
497 1550 578 1631 Res,
609 1549 652 1615 ad
680 1573 782 1641 quam
807 1548 872 1616 hoc
899 1549 1057 1640 pertinet,
1081 1548 1181 1617 acci-⁴

84 1654 180 1733 [dit
202 1656 257 1726 Ol.
292 1655 388 1722 CVll
422 1662 463 1737 (v.
487 1653 623 1746 cap‘.‘ll.
647 1676 666 1739 7
688 1677 722 1743 p.
747 1653 833 1741 52).·
858 1651 927 1718 Sed
956 1653 1071 1743 ipsum
1100 1655 1170 1721 De-

128 1762 294 1831 mostheni
322 1758 437 1825 datum
465 1775 513 1824 est
533 1755 631 1846 longe
660 1773 788 1848 postea:
817 1763 1011 1843 μαρτυροῦσι
1040 1755 1089 1824 ὅτι
1110 1764 1168 1825 τοῦ

129 1866 230 1953 δήμου
252 1865 345 1930 ποτὲ
362 1861 638 1947 χειροτονήσαντος
659 1861 829 1944 Αἰσχίνην·
853 1875 886 1925 et
907 1858 1023 1926 datum
1044 1861 1168 1951 proha-

127 1960 245 2036 biliter
266 1966 389 2033 dixeris
415 1966 453 2029 in
483 1987 580 2029 causa
612 1960 858 2054 Ctesiphontea.
880 1962 1005 2046 -Quod
1027 1980 1063 2030 ut
1084 1987 1167 2032 con·

129 2071 262 2150 cedam,
291 2066 518 2134 testimonium
554 2083 665 2132 tamen
699 2089 761 2158 per
790 2064 930 2131 eandem
964 2090 1093 2134 causam
1123 2068 1161 2133 in

129 2193 201 2243 acta
223 2170 377 2239 iudicilia
397 2171 564 2260 migrasse,
586 2193 656 2235 non
685 2171 765 2235 item
793 2172 1024 2237 concesserim.
1045 2192 1049 2202 ⁴
1067 2169 1162 2238 Nihil

130 2279 220 2345 enim
242 2276 316 2356 hoc,
339 2272 528 2355 sicutillud,
543 2296 727 2340 commune
748 2272 850 2341 habet
871 2296 948 2339 cum
965 2274 1164 2368 Ctesiphon·

58 2412 60 2417 ’
127 2384 171 2450 tis
193 2380 402 2459 defensione,
429 2392 541 2469 neque
568 2377 667 2443 huius
690 2400 784 2443 causa
806 2377 847 2442 ab
870 2394 999 2445 oratore
1021 2378 1162 2446 affertur.

130 2489 239 2580 Quam
267 2483 311 2551 ob
342 2506 414 2547 rem
435 2480 643 2574 probabilius
665 2478 912 2548 coniiciendum
934 2484 1074 2574 opinor,
1100 2484 1164 2553 hoc

49 2664 52 2669 ,
130 2610 266 2682 quoque
298 2587 523 2652 testimonium
562 2583 676 2652 datum
711 2584 929 2653 Demostheni
964 2610 1035 2652 esse
1073 2587 1164 2655 breti

128 2709 205 2784 post
226 2711 357 2755 causam
367 2689 519 2767 Auarici,
541 2689 653 2778 ipsum
669 2705 706 2755 ut
718 2690 816 2755 etiam
827 2691 949 2757 actioni
962 2708 1078 2758 contra
1099 2693 1163 2758 Ae·

130 2793 280 2862 schinem
302 2791 346 2858 oh
368 2793 438 2856 eius
461 2815 537 2856 cum
559 2791 761 2885 exploratore
782 2792 1043 2860 familiaritatem
1070 2797 1163 2864 iusti·

130 2895 271 2965 tuendae
292 2896 480 2978 inserviret3
503 2896 617 2987 itaque
639 2896 739 2962 simul
762 2920 839 2962 cum
860 2895 932 2980 illo,
955 2897 998 2964 de
1021 2923 1088 2992 quo
1108 2923 1162 2966 su·

128 3025 190 3096 pra
211 2998 460 3092 disputavimus,
481 3001 611 3065 senatui
633 3001 884 3067 aDemosthene
901 2999 1063 3069 traditum
1083 3027 1160 3087 esse,

130 3128 198 3199 quo
220 3103 336 3171 iustior
355 3120 389 3169 et
409 3104 538 3193 gravior
558 3105 782 3170 recentissima
803 3105 884 3171 haec
906 3104 1083 3175 Aeschinis
1105 3106 1162 3175 de·

128 3209 299 3276 nunciatis
321 3205 506 3287 videretur,
536 3209 664 3300 quippe
687 3209 747 3300 qui
769 3207 851 3275 olim
871 3209 938 3277 iam
960 3210 1161 3302 proditionis

128 3313 315 3405 suspicione
337 3326 467 3376 notatus
490 3310 532 3376 ob
555 3335 696 3404 eamque
714 3336 732 3376 a
753 3310 891 3403 puhlico
914 3337 1055 3381 munere
1074 3316 1161 3408 ipso·
1188 3314 1190 3319 ’

128 3440 194 3510 que
224 3415 265 3481 ab
296 3415 470 3505 Areopago
502 3415 793 3511 remotusfuisset.
842 3414 915 3482 Hoc
946 3436 984 3485 ut
1010 3437 1160 3502 statuam,

127 3519 264 3587 trahunt
292 3543 345 3583 me
375 3534 506 3610 praeter
531 3519 640 3610 ipsam
669 3520 719 3584 rei
748 3518 960 3612 probabilem
997 3525 1161 3592 rationem

125 3624 265 3691 maxime
280 3622 378 3688 verba
394 3623 581 3688 testimonio
600 3621 693 3688 alteri
704 3622 755 3688 illi
778 3621 957 3716 adscripta:
981 3617 1074 3693 οὗτοι
1087 3627 1161 3695 ἅτε·

126 3720 270 3814 ιίόθηοοιν
291 3726 324 3792 αἱ
344 3728 522 3813 μαρτυρίαι,
547 3750 631 3818 quae
654 3725 697 3792 ad
726 3744 907 3819 utrumque
933 3731 1161 3799 testimonium

124 3833 293 3924 pertinere
323 3831 474 3923 suspicor
514 3829 556 3897 ob
590 3854 767 3897 numerum
798 3829 966 3923 pluralem
1007 3826 1101 3902 οὗτοι
1130 3835 1161 3902 οἱ

124 3938 307 4024 μαρτυρίαι,
343 3958 445 4025 quem
465 3933 518 3998 ‘de
540 3957 608 4001 uno
632 3937 837 4018 testimonio,
868 3938 929 4005 etsi
957 3962 976 4003 a
1005 3937 1160 4031 pluribus

126 4036 211 4120 dato,
234 4041 287 4106 vix
309 4040 466 4105 usitatum
488 4039 663 4107 inveneris.
731 4087 735 4095 -
