2594 4672
445 180 527 278 .Ι
622 212 664 273 ιι

34 365 41 417 5
125 383 256 454 nieuses
272 373 471 446 ,abalienatis
492 375 813 461 multiscivitatibus
842 402 861 441 a
893 371 1164 451 Lacedaemoniis
1198 395 1200 398 ⁴

20 559 23 564 ,
126 504 161 555 et
177 487 331 565 ,instituto
354 478 495 550 Athenis
525 483 695 549 communi
724 482 894 549 sociorum
916 479 1071 562 concilio,
1093 483 1167 574 pri-

54 585 56 589 *
126 614 196 656 mas
216 607 327 680 partes
350 588 545 679 susciPiunt.
590 584 691 652 Diod.
716 585 791 666 XV,
814 587 867 652 28.
912 583 1067 649 Theba-ni
1087 610 1166 653 vero

127 694 226 760 rebus
248 693 313 759 sibi
336 709 458 758 ‚contra
480 687 758 757 Lacedaemonios
786 687 929 754 feliciter
957 687 1179 770 cedentibus,-

128 796 285 889 superbia
306 797 344 859 in
366 811 489 860 ceteras
512 795 666 881 Boeotiae
697 795 841 860 civitates
864 791 1056 859 efferuntur.
1100 793 1170 858 Hu-

127 925 205 966 rum
238 901 328 964 enim
335 897 528 988 quaedam
565 922 671 989 quum
702 922 785 990 pace
818 893 1016 963 Antalcidea
1044 894 1176 969 liberae¹

3 1036 5 1038 ’
51 1059 59 1078 „
91 1061 92 1069 ,
128 1005 250 1108 suique
276 1003 358 1068 iuris
386 1000 491 1067 factae
507 1016 646 1095 'essent3
676 1002 836 1073 nolebant
863 1006 1015 1068 συντελεῖν
1041 1002 1084 1077 εἰς
1109 1000 1170 1078 τὰς

111 1183 114 1189 Ι
132 1106 254 1191 Θήβας,
278 1104 369 1197 quod
390 1078 631 1172 faciendum
604 1129 650 1171 e1s
672 1124 768 1172 antea
794 1104 876 1184 suit,
906 1103 978 1170 sed
986 1102 1051 1170 hoo
1071 1127 1174 1196 prae-m
1217 1119 1219 1122 ’

27 1207 31 1216 ’
121 1208 244 1274 ⁴sertim
266 1225 416 1300 tempore
438 1208 667 1274 factionibus
657 1234 695 1274 ιιι
716 1195 857 1295 singulis
879 1202 960 1273 ortis
981 1206 1105 1288 multae
1127 1205 1172 1272 ad

130 1308 408 1395 Lacedaemonios
441 1307 658 1399 inclinabant,
681 1308 764 1374 aliae
787 1306 829 1373 ad
841 1309 1072 1376 Athenienses.
1118 1310 1171 1377 Cf.

133 1409 289 1501 Xenoph.
312 1409 360 1491 V,
390 1411 422 1495 4,
445 1409 489 1496 46
517 1437 589 1504 sqq.
635 1413 764 1479 Earum¹
788 1413 891 1502 igitur
921 1411 1060 1504 aliquas,
1074 1403 1176 1478 ‘The-

50 1596 53 1600 ι
133 1514 220 1603 spias
253 1515 291 1579 in
319 1515 459 1605 primis,
493 1514 639 1581 Plataeas
673 1532 706 1580 et
731 1514 991 1599 *Orchomenum
1018 1514 1177 1582 Thebani

133 1618 234 1685 armis
255 1619 424 1710 persecuti
447 1620 537 1718 gravi
559 1616 725 1712 supplicio
746 1617 978 1712 punierunt.*)
1013 1650 1015 1654 ⁴

43 1833 45 1837 -
133 1823 445 1849 η-ν-ι-μ--ν--αι

149 1929 205 2018 ff)
227 1935 309 1993 Haeo
330 1936 466 2016 quoniam
494 1935 524 1994 in
552 1936 740 2018 sequentibus
772 1958 857 2019 saepe
874 1935 1057 2010 memoranda
1084 1955 1177 2015 erunt,

221 2021 305 2079 liceat
330 2023 377 2081 hic
408 2021 527 2083 uberius
545 2026 704 2124 persequi.
755 2024 902 2084 Adversus
931 2025 1112 2087 Plataeenses
1139 2025 1188 2089 ad·

223 2109 439 2168 Atheniensium
472 2111 620 2169 amicitiam
654 2133 775 2192 quoque
805 2126 936 2192 tempore
966 2132 1075 2191 pronos
1097 2113 1179 2171 The-

224 2193 292 2253 bani
314 2211 474 2289 susceptam
494 2196 563 2256 inde
586 2219 601 2255 a
623 2197 730 2257 celebri
752 2222 811 2279 pag
809 2221 849 2255 na
871 2197 907 2283 ad
929 2197 1056 2256 Plataeas
1079 2199 1178 2256 simul·

142 2315 144 2324 ι
223 2296 310 2339 tatem
345 2299 490 2364 perpetuo
528 2285 705 2343 exercebant
759 2286 832 2343 Belli
867 2287 954 2369 igitur
983 2284 1179 2366 Peloponnes.

93 2366 97 2383 '
160 2411 177 2430 ψ,
224 2369 304 2427 ἱιιίιίο
334 2369 460 2429 Plataeas
489 2393 505 2429 a
524 2371 680 2430 Thebanis
707 2373 831 2453 primum
861 2374 1053 2454 impugnatus,
1080 2387 1180 2429 tuma

225 2455 458 2517 lacedaemoniis
485 2473 575 2518 const
569 2473 596 2516 tt
625 2458 753 2517 obsessas
782 2473 810 2516 et
842 2459 958 2539 Olymp.
981 2457 1179 2533 LXXXVIII,

227 2537 441 2624 ²s20ccupatas
469 2566 539 2603 esse.
583 2546 676 2603 Thuc
704 2546 759 2619 Ill,
794 2547 844 2604 52
880 2545 1046 2621 Restitutos
1078 2559 1179 2626 postea
1231 2599 1233 2602 ,

169 2694 184 2712 „
225 2651 298 2719 pace
326 2629 494 2688 Antalcidca
532 2631 649 2711 Olymp
687 2633 741 2688 iam
774 2631 828 2706 CI,
861 2630 883 2701 4
912 2616 1044 2689 Thebani
1080 2651 1178 2690 rursus

210 2713 321 2797 'adorti
343 2729 423 2791 sunt,
447 2715 538 2796 quod
565 2717 703 2774 arcessitis
725 2676 941 2777 Atheniensium
970 2717 1078 2777 auxiliis
1101 2738 1179 2784 suam

154 2814 157 2819 ’
226 2802 297 2882 ipsis
320 2759 423 2859 u'rbeni
444 2801 558 2862 tradere
580 2780 727 2877 volebant;
759 2803 893 2887 urbeque
923 2804 1017 2864 diruta
1045 2802 1178 2884 expulsos

159 2892 162 2907 ²
226 2888 353 2947 Athenas
375 2888 531 2970 confugere
554 2888 649 2950 denuo
673 2907 838 2971 coegerunt,
860 2891 912 2950 ubi
933 2892 1044 2971 recepti
1070 2889 1180 2950 loono-

158 3011 161 3023 ·
227 2970 342 3034 λιτείαν
375 2977 521 3034 consecuti
564 2991 638 3035 sunt.
697 2979 771 3036 Rem
801 2977 940 3037 accidisse
972 2977 1065 3036 tribas
1102 2978 1181 3035 annis

135 3081 136 3085 ’
229 3040 382 3144 antequain
412 3063 450 3127 ad
476 3063 600 3132 Leuctra
628 3064 791 3124 dimicatum
821 3067 870 3136 sit,
898 3065 1032 3127 archonte
1062 3065 1181 3123 Athenis

227 3151 336 3225 Asteo²
364 3149 485 3217 Pausan.
514 3152 604 3211 refert
630 3151 688 3227 IX,
722 3173 733 3211 ι
747 3176 754 3225 ;
785 3151 874 3211 Diod.
897 3151 975 3228 XV,
1004 3149 1045 3219 46
1070 3149 1132 3209 eam¹
1151 3152 1186 3208 in·

230 3233 359 3294 eiusdem
389 3236 427 3295 Ol
448 3260 506 3318 mp.
535 3260 560 3298 a.
584 3241 612 3298 3.
644 3239 763 3301 confert
807 3239 937 3308 Pertinet
967 3238 1023 3295 huc
1052 3239 1204 3296 Isocratis·

190 3329 191 3335 ’
226 3321 379 3381 Plataicus.
424 3261 623 3406 {fllenoph
639 3325 753 3384 Hellen.
772 3325 824 3402 VI,
849 3328 866 3385 3
900 3324 1002 3404 ibique
1017 3324 1183 3383 Schneider.
1218 3354 1221 3361 ²

273 3408 466 3489 Thespienses
500 3433 590 3492 quum
618 3411 840 3488 Thebanorum,
876 3431 1002 3492 quorum
1031 3413 1120 3470 aciem
1147 3409 1184 3484 ati
1213 3441 1216 3455 =

229 3494 354 3561 Leuctra
376 3494 577 3573 deseruissent,
600 3498 668 3557 iram
680 3513 854 3574 metuerent,
875 3497 974 3557 relicta
993 3513 1095 3579 sponte
1108 3496 1184 3556 urbe

231 3582 386 3646 Ceressum
407 3604 437 3646 se
460 3585 629 3660 contulisse,
658 3584 730 3648 inde¹
754 3607 822 3647 vero
850 3584 887 3642 ab
907 3583 1106 3664 Epaminonda
1135 3605 1187 3642 ex-

229 3665 333 3750 pulsos'·
353 3674 414 3737 ease
436 3671 589 3732 Pausanias
610 3672 700 3737 refert
721 3673 781 3748 IX,
806 3675 853 3749 ι3Λ
867 3686 897 3731 et
927 3670 975 3750 ad.
1019 3670 1188 3739 Secundum

229 3755 398 3820 Pausaniam
420 3756 506 3838 igitur
536 3757 610 3824 facta
637 3773 680 3818 est
706 3758 801 3824 clades
823 3757 1045 3840 Thespiensium
1068 3759 1188 3840 Olymp.

176 3852 179 3857 '
230 3840 316 3923 Cli„
332 3862 360 3902 a.
404 3845 443 3920 At
473 3842 594 3904 Pausan.
624 3869 751 3928 pugnam
779 3846 896 3912 Leuctr.
927 3867 994 3906 cum
1024 3848 1123 3929 priore
1150 3844 1190 3903 ad

229 3929 358 4011 Tegeam
380 3931 541 4005 commissa,
572 3931 601 3988 in
625 3929 682 4013 qna
704 3932 1011 4002 Lacedaemonilhicti'
1032 3955 1048 3990 a
1070 3931 1190 3997 Theba-

196 4062 198 4066 ·
231 4018 276 4082 nis
296 4016 351 4077 iani
373 4029 455 4082 antea
484 4032 550 4084 ,sunt
587 4018 689 4098 (Diod.
719 4019 789 4100 Π,
813 4025 862 4081 aa.
907 4021 986 4082 Plut.
1008 4020 1112 4101 Pelop.
1140 4039 1188 4097 ¹7·
