2594 4672
606 265 763 374 ...⁹.⁵...

254 428 352 524 Quod
380 461 457 507 vero
485 438 528 505 de
550 436 610 505 illa
630 432 815 530 legatorum
836 439 1003 507 creatione
1024 433 1139 523 statui,
1169 430 1207 508 ιιι

160 544 326 636 exemplis
358 546 459 611 etiam
493 541 651 611 illustrari
689 543 951 635 confirmarique
994 541 1091 626 facile
1128 566 1206 638 pos-

161 652 217 717 sit.
287 649 417 716 Decem
456 647 547 714 enim
590 642 715 738 legatos
756 645 996 714 Demosthenes
1045 648 1206 718 creandos

159 755 358 848 proposuit,
402 754 463 871 qui
508 729 641 817 Thebas
677 747 970 844 proficiscerentur
1006 748 1049 817 ad
1087 752 1206 821 foedus

115 934 117 938 Α
158 858 384 926 Athenienses
415 858 504 922 inter·
540 855 785 947 Thebanosque
820 851 975 921 adversus
1005 855 1207 950 Philippum

160 960 409 1030 conciliandum
431 959 488 1050 (de
512 981 578 1028 cor.
599 980 634 1052 p.
657 959 747 1049 382).
791 955 894 1026 Sed
884 976 922 1026 ut
943 952 1090 1043 decreto,
1113 962 1207 1056 quod

160 1091 202 1134 ea
220 1065 267 1132 de
287 1089 325 1131 re
347 1092 366 1132 a
387 1065 612 1134 Demosthene
634 1056 863 1155 conscriptum
876 1079 934 1143 est,
957 1065 1093 1132 nonnisi
1107 1067 1207 1158 quin·

113 1156 116 1161 ’
159 1193 230 1264 que
257 1164 443 1261 legatorum
470 1163 609 1236 nomina
629 1182 770 1236 exstant
799 1168 847 1260 (p.
882 1168 971 1258 291).
1023 1166 1206 1262 Similique

158 1274 264 1344 modo
276 1286 321 1342 et
341 1270 379 1340 in
399 1273 509 1364 priori
531 1269 574 1339 ιιι
587 1267 785 1366 Philippum
802 1271 968 1362 legatione
990 1286 1101 1341 aetum
1122 1299 1204 1358 esse,

157 1367 319 1447 concludi
344 1385 456 1471 potest
483 1392 524 1444 ex
546 1375 645 1467 Deua.
672 1393 722 1444 or.
747 1395 781 1443 σ.
803 1401 943 1464 παρααρ.
970 1398 1006 1468 p.
1035 1376 1116 1464 344,
1142 1380 1205 1447 ιλιι

159 1484 205 1553 de
234 1471 403 1550 Aeschine
427 1475 521 1548 haee·
542 1480 643 1563 *verba
671 1480 914 1547 Demosthenes
940 1479 1034 1549 facite
1070 1485 1206 1569 γίγνεται

130 1570 136 1604 ⁴³
158 1594 224 1656 τῶν
244 1577 407 1676 πρισβειον
427 1582 548 1653 τούτων
575 1571 618 1663 εις
635 1586 690 1663 ,καλ
712 1575 819 1667 οὗτος,
848 1583 907 1668 οὐχ
928 1581 972 1661 ὥς
992 1592 1057 1652 τῶν
1076 1587 1205 1654 &nolu-

160 1683 357 1777 σομινων
321 1717 362 1757 τα
382 1687 534 1779 ὑμέτερα,
565 1684 678 1757 οὐδ’ε
654 1714 698 1766 ως
722 1693 788 1755 τῶν
808 1687 1054 1756 πεπιστευκότων
1073 1697 1119 1781 τῷ
1143 1694 1206 1779 (Dr,-
1286 1718 1289 1725 ·

158 1800 276 1887 λιππῳ,
307 1791 427 1862 ἆλλ’“
403 1819 448 1872 ως
475 1801 540 1861 τῶν
568 1789 772 1883 φυλαξάντων
805 1793 880 1868 τοὺς
910 1792 1033 1871 άλλοος.
1064 1758 1117 1860 διά
1142 1795 1204 1882 γὰρ

158 1901 234 1977 τοὺς
260 1890 545 1988 προιιρημινοοζλ
547 1897 639 1986 ὄρους’
670 1899 722 1964 καλ
749 1922 808 2024 equ
842 1895 923 1983 πρὸς
954 1894 1011 1964 τὸν
1047 1901 1205 1966 Φίλιππον
1247 1924 1250 1929 ’

158 2005 331 2088 ἀπέχθειαν
358 2002 476 2088 ταυτην
505 2001 630 2081 ιλκάιως
656 2003 726 2090 περὶ
753 1999 851 2067 uisuri
879 2000 993 2077 πάντες
1021 2000 1116 2086 ιιχιτε
1144 2001 1205 2088 τὴν

157 2107 266 2186 δόξαν.
306 2103 488 2194 προςελθιλν
521 2108 625 2173 τοίνυν
657 2106 726 2190 ἐμοὶ
754 2104 835 2189 μετὰ
867 2111 968 2171 ταῦτα
1000 2103 1203 2175 συνετάττετο

159 2217 247 2296 κοινῇ
268 2208 462 2297 πρεσβεύειν,
491 2209 582 2276 ναλ“
564 2234 649 2287 οπως
674 2208 730 2275 τὸν
750 2207 866 2295 μιαρὸν
892 2211 943 2274 καλ
965 2206 1078 2295 άναιιλῆ
1100 2209 1203 2298 φνλά-

159 2311 291 2397 ξομεν
274 2311 446 2432 αμφότεροι
466 2311 523 2379 τὸν
546 2311 742 2400 Φιλοκράτην
761 2307 863 2376 πολλὰ
883 2311 1140 2400 παρεκελεύσατο.

233 2407 365 2505 Itaque
392 2416 422 2481 si
449 2413 620 2483 decretum
647 2415 712 2483 hoe
744 2430 876 2481 senatus
906 2414 1094 2484 consultum
1114 2397 1203 2484 illuri
1274 2426 1277 2432 ”

160 2538 210 2588 est
231 2508 274 2586 ιιι
293 2516 495 2586 maturanda
520 2517 710 2610 legatorum
730 2517 955 2611 profectione,
990 2509 1081 2612 quod
1110 2521 1222 2590 effert*

157 2603 403 2691 Demosthenes
439 2640 473 2691 π.
503 2639 643 2712 ιιαριιιιρ.
672 2648 709 2717 p.
731 2624 812 2713 389,
846 2634 879 2690 et
905 2620 1090 2694 Aeschines
1116 2617 1201 2692 ibit

155 2747 191 2822 p.
214 2727 257 2814 lo
279 2753 325 2795 m
372 2726 617 2855 Munychionis
643 2727 741 2795 tertio
771 2726 876 2794 lutum
906 2745 975 2796 esse
998 2726 1097 2813 dicit,
1120 2745 1203 2800 eou-⁸
1293 2777 1296 2787 ι

155 2847 299 2925 sequens
321 2825 423 2904 etiam
444 2841 503 2916 est,
524 2855 588 2926 pro
606 2817 917 2917 Εκατομβαιῶνις”
897 2849 950 2923 ινη
971 2835 1022 2900 κοιλ
1043 2826 1099 2901 νια
1120 2837 1203 2903 scri

153 2935 307 3004 bendum
336 2959 405 3004 esse
431 2940 658 3022 Μοανιιχιωνος
684 2940 785 3026 τρίτῃ
830 2924 900 3004 sed
914 2933 1206 3041 chronologieeui'

153 3042 243 3108 hano
265 3039 497 3108 difficultatem
526 3039 680 3134 sequenti
708 3033 988 3109 commentatione
1016 3044 1200 3111 accuratius

154 3135 409 3238 explorahimus.
439 3144 577 3246 Neque
598 3165 677 3211 vero
699 3158 792 3211 nune
812 3136 925 3212 omnia
946 3147 1014 3213 ient
1035 3146 1081 3213 ita
1103 3161 1200 3241 eipe-

110 3256 115 3266 '
154 3246 225 3315 dita
247 3264 333 3334 sunt,
355 3266 393 3317 ut
405 3245 609 3317 ιλιιλιιιειιοιιι
623 3241 738 3315 nullus
752 3247 967 3342 relinquatur
981 3240 1084 3320 locus.
1130 3242 1199 3321 Sed

111 3376 121 3399 ³
152 3353 301 3446 ingenue
314 3355 491 3434 confiteor,
509 3352 590 3420 duas
603 3352 711 3421 adhue
723 3371 835 3446 neque
850 3356 984 3457 exiguas
997 3374 1121 3425 restare
1131 3341 1200 3425 ιλιι

128 3457 330 3526 'ficultates
374 3459 569 3551 Earumque
589 3458 700 3550 prima
727 3453 791 3526 sita
812 3461 926 3552 estin
952 3451 1085 3531 Euhulo
1106 3464 1199 3530 Ant·-

113 3589 119 3595 ·
150 3558 319 3655 phlystio,'
338 3557 397 3654 φιι
418 3560 509 3631 inter
526 3562 679 3655 quinque
701 3554 780 3630 illos
800 3554 936 3657 legatos,
957 3566 1043 3633 iuris
1062 3561 1198 3634 iurandi

152 3666 309 3757 exigendi
331 3686 429 3734 causa
450 3684 587 3748 creatos,
610 3669 741 3734 citatur.
786 3667 852 3736 Iste
874 3669 964 3737 enim
990 3671 1112 3739 virrei
1132 3696 1198 3763 pu-

150 3769 263 3839 blicae
296 3767 583 3839 administratione
621 3763 820 3839 clarissimus
861 3790 894 3841 et
935 3799 1065 3842 summa
1105 3774 1197 3867 apud

150 3875 375 3947 Athenienses
397 3876 590 3943 auctoritate
619 3878 649 3942 si
670 3900 748 3944 vere
768 3874 926 3971 legationi
949 3877 1003 3945 illi
1024 3878 1196 3945 interfuis-

152 3997 218 4061 set,
253 3983 324 4047 eius
346 3981 520 4071 inprimis
542 3981 571 4055 si
593 3982 703 4048 minus
725 3981 983 4063 Demosthenes,
1013 3981 1195 4048 Aeschines

151 4103 244 4153 certe
276 4087 315 4153 in
343 4108 392 4154 or.
420 4112 454 4155 ιι.
484 4108 623 4174 παραπρ.
652 4085 858 4155 mentionem
888 4084 1033 4170 fecisset,
1066 4082 1195 4180 quippe
