2594 4672
621 244 737 307 xt'

122 442 215 516 rem.
248 416 373 508 ,Unde
406 421 478 491 iam
503 420 586 509 'hoc
621 423 729 496 etiam
754 418 844 493 mihi
872 417 1056 519 persuasi,
1083 417 1159 492 duo

125 540 189 615 illu
223 540 350 640 priora
384 538 534 615 decreta
567 532 651 637 loco
684 566 754 615 suo
788 559 889 614 mota
922 558 959 614 et
991 539 1036 613 ad
1071 539 1160 614 alias

63 739 67 746 ,
123 686 187 736 res
201 658 295 735 'esse
321 662 464 763 aliaque
492 680 660 762 tempora
673 662 890 765 referenda,
933 667 978 735 At
1004 665 1061 736 Tu
1089 687 1161 760 eo.-

124 808 206 859 tum
232 782 405 877 alterum,
432 808 453 856 a
478 783 729 871 Demosthene
756 783 806 858 de
832 783 963 885 legatis
990 783 1037 857 ad
1069 781 1160 855 Phi-
1222 879 1224 882 Α

80 1002 82 1007 ¹
124 905 272 1008 lippum
297 909 400 1007 pacis
427 906 701 981 confirmandae
715 932 826 983 eausa
844 905 1014 981 creandis
1034 901 1160 995 latum,

112 1022 334 1131 ¹ad'pac'em
360 1029 527 1135 retulisti,
555 1054 667 1132 quam
693 1045 781 1130 post
796 1031 959 1129 Byzantii
987 1026 1162 1101 obsidio-

43 1206 46 1211 ·
124 1152 294 1227 nem'Ol.
322 1157 396 1246 CX,
428 1177 444 1225 t
475 1154 570 1227 inter
603 1153 816 1255 Philippum
851 1151 890 1226 et'
919 1151 1161 1225 Athenienses

127 1278 374 1373 compositam
418 1274 521 1348 solus
565 1273 701 1349 diserte
733 1268 940 1359 Diodorus.
960 1273 1160 1366 contendit,
1246 1286 1250 1291 ’

125 1418 241 1498 quem
268 1420 339 1497 ego
353 1396 499 1496 lapsum
510 1396 574 1470 hic
595 1398 800 1499 falsumque
815 1401 1028 1490 existimavi,
1056 1396 1162 1498 quod

126 1516 177 1591 de
202 1542 297 1618 pace
323 1517 384 1589 illa
415 1516 521 1592 sileat
553 1517 770 1614 Aeschines,
803 1520 982 1618 silentque
1015 1524 1162 1605 Demo-¹

125 1635 295 1731 sthenes,
328 1642 449 1739 iique,
484 1666 597 1740 quum
633 1639 680 1715 de
715 1640 829 1714 rebus
863 1641 1041 1713 continuo
1075 1655 1162 1738 post

124 1748 292 1861 Byzantii
332 1760 590 1835 liberationem
631 1764 745 1863 gestis
790 1763 1045 1861 copiosissime
1081 1760 1163 1833 dis-

125 1892 268 1974 serant,
302 1884 351 1955 ita
385 1885 511 1982 potius
554 1883 748 1974 disserant,
790 1907 832 1956 ac
867 1885 900 1955 si
933 1881 1074 1955 bellum
1109 1882 1163 1954 01.

43 2026 46 2034 ·
125 1997 203 2097 CX,
235 2028 251 2074 1
281 2008 329 2076 in.
355 2029 426 2103 per
451 2008 616 2103 Byzantii
649 2004 887 2079 obsidionem
910 2003 1165 2077 Chersonesi-

127 2144 204 2227 que
230 2127 475 2199 testationem
500 2126 651 2199 nomine
678 2143 776 2200 certe
805 2142 988 2219 exortum,
1015 2130 1164 2200 nomine
1217 2149 1245 2221 j

127 2242 166 2320 et
191 2233 308 2345 usque
335 2245 384 2318 ad
410 2246 573 2321 Elateam
602 2265 747 2347 captam
765 2252 1016 2322 continuatum
1042 2248 1192 2322 fuerit·

87 2381 90 2385 ’
127 2362 250 2463 Quum
286 2383 408 2442 tamen
443 2372 501 2440 Tu
541 2393 584 2440 ex
617 2371 695 2442 istis
736 2374 828 2441 meis
870 2368 1165 2442 dubitationibus

126 2482 393 2563 humanissime
421 2504 558 2562 memet
589 2515 659 2589 per
691 2489 832 2562 litteras
861 2495 960 2563 Tuas
989 2490 1166 2563 exsolve-

128 2614 192 2703 ris,
217 2609 313 2683 hanc
341 2615 459 2684 Tuam
486 2609 533 2682 de
561 2636 655 2710 pace
689 2610 752 2686 illa
779 2614 995 2711 opinionem
1020 2615 1058 2683 in
1086 2635 1165 2711 cap.

128 2736 185 2825 V,
211 2720 249 2802 in
276 2758 349 2832 quo
376 2757 438 2806 res
472 2749 557 2812 ante
591 2732 774 2831 proelium
807 2732 1068 2806 Chaeronense
1094 2757 1167 2833 ge-

77 2889 80 2894 ’
130 2847 209 2955 stas
227 2877 387 2952 expono,
414 2856 506 2926 meis
534 2855 645 2927 simul
662 2872 697 2928 et
712 2858 803 2929 Tuis
818 2855 1026 2928 rationibus
1042 2881 1167 2954 quan-

128 2991 211 3048 tum
237 2976 344 3074 potui
370 2979 647 3048 accuratissime
683 2974 936 3050 demonstrare
964 2975 1168 3049 confirma-

129 3120 257 3196 reque
278 3113 436 3170 ·conatus
471 3120 570 3188 sum,
603 3101 642 3169 in
681 3122 798 3196 eaque
834 3113 870 3169 et
896 3121 994 3169 nunc
1028 3113 1168 3196 persto,

130 3217 237 3309 licet,
256 3245 367 3317 quam
396 3217 458 3290 diu
483 3243 543 3320 me
571 3235 759 3292 oratorum
781 3216 872 3291 illud
888 3218 1071 3292 silentium
1086 3233 1168 3292 tor-

108 3342 238 3431 ·serit,
273 3343 355 3439 ipse
390 3344 450 3414 Tu
482 3339 678 3433 noveris⁴
706 3341 778 3414 Sed
812 3339 917 3440 quod
952 3345 1009 3412 Tu
1044 3339 1169 3414 adhuc

133 3446 247 3533 modo
280 3457 491 3560 nuperrime
527 3488 615 3563 erga
648 3489 708 3536 me
741 3465 914 3553 statuisti,
947 3486 1079 3561 pacem
1115 3451 1171 3534 01.

133 3585 253 3674 CVlll,
282 3607 304 3656 2
334 3586 580 3683 compositam
616 3583 670 3656 01.
707 3587 795 3676 CX,
824 3610 840 3656 1
879 3587 928 3657 in.
956 3579 1196 3657 solemniter

129 3725 217 3778 'esse
245 3701 446 3797 discissam,
472 3705 513 3777 id
540 3704 692 3806 quidem
708 3704 906 3781 clarissime
924 3686 1051 3777 testari
1077 3702 1171 3777 Phi-

132 3823 342 3915 lochorum,
368 3814 647 3900 rursus'tamen
682 3826 736 3900 01.
771 3830 850 3918 CX,
890 3850 911 3897 a
946 3823 1170 3925 Elaphebo-

131 3947 231 4020 lione
260 3944 298 4019 et
323 3948 566 4047 sequentibus
589 3946 783 4032 mensibus¹
795 3973 927 4047 pacem
943 3963 1059 4020 actam
1077 3966 1196 4033 esse,¹

111 4068 177 4143 'ex
211 4066 372 4142 decretis
408 4086 576 4144 constare
609 4050 787 4144 archonte
822 4067 1041 4168 H'eropytho
1077 4061 1172 4156 latis,
