2594 4672
654 214 696 280 23

595 303 751 325 ···-·—-··9

152 382 235 453 anni
267 384 393 448 aestate
416 381 613 449 conflictum
648 403 716 448 esse
755 382 916 451 videatur.
976 384 1098 478 Atque
1125 400 1195 459 r'ron

117 537 122 546 .
152 485 252 553 aliam
273 509 421 578 pugnam
444 482 702 556 'Corinthiacum
721 485 776 552 hic
794 512 890 580 posse
915 487 1069 581 intelligi,
1092 516 1194 583 quam

152 613 239 682 quae
252 591 405 682 proxime
419 590 592 657 subsecuta
610 591 654 658 sit
665 589 829 683 proelium
847 591 888 660 ad
904 592 1086 661 Haliartum
1102 618 1194 663 com-

116 729 119 732 ·
150 695 301 775 missum,
315 695 492 784 perspicue
508 692 994 781 docentverhaDemosthenist
1017 697 1201 779 οὗπολλαΐς·
1240 689 1242 696 ’

149 795 283 885 ἡμέραις
302 797 440 884 ὕστερον.
479 797 530 864 Cf.
549 797 682 890 Ulpian.
696 798 738 864 ad
751 799 784 866 h.
800 800 823 865 l.
859 799 991 866 Bellum
1006 792 1206 893 quodinde¹

150 903 288 968 initium
300 904 399 993 cepit,
421 897 571 968 auctores
587 904 707 995 passim
721 902 936 970 Corinthium
949 923 1078 986 vocant,
1101 908 1192 974 cuins

146 1030 212 1098 per
230 1023 304 1072 octo
327 1029 431 1073 annos
453 1007 535 1097 gesti
551 1006 664 1090 (Diod.
688 1007 730 1074 S.·
746 1009 838 1093 XIV,
862 1010 915 1091 86)
939 1009 1084 1100 insignia
1105 1010 1191 1074 facta

150 1108 245 1175 suere
267 1110 363 1176 haec:
388 1110 537 1177 Cononis
567 1110 609 1203 ad
640 1105 790 1176 Cnidum
810 1113 964 1193 victoria,
991 1130 1191 1204 postquam
1274 1188 1278 1200 .

146 1214 292 1279 restituti
314 1229 393 1279 sunt
413 1212 555 1278 Athenis
577 1216 664 1279 muri
691 1214 784 1304 longi
808 1216 865 1284 Ol.
889 1215 1017 1295 CXVI,
1041 1217 1079 1298 33
1102 1215 1191 1304 Ago-

146 1314 222 1382 silai
246 1311 500 1379 ad'Coroneam
522 1311 564 1377 de
585 1314 716 1380 Boeotis
738 1313 926 1406 deportata,
956 1314 1189 1383 eodemanno

146 1419 252 1507 gravis
280 1416 398 1485 seditio
423 1415 577 1483 Corinthi
599 1433 687 1495 orta,
709 1434 909 1507 postquam
933 1414 1189 1482 Lacedaemonii

85 1508 92 1522 ’
145 1517 298 1585 exulibus
326 1518 448 1585 auxilia
476 1518 628 1598 serentes,
650 1517 869 1584 Athenienses
901 1541 979 1584 vero
1005 1519 1210 1609 Boeotique

147 1623 257 1690 caedis
280 1623 469 1691 auctoribus
491 1646 553 1714 per
580 1620 721 1714 longum
752 1638 884 1713 tempus
914 1616 1035 1687 acriter
1061 1619 1104 1686 ad
1124 1621 1209 1699 Les

147 1727 287 1792 chaeum
312 1727 533 1807 dimicabant,
564 1723 670 1791 donec
703 1749 768 1816 pax
796 1723 992 1791 Antalcidae
1021 1724 1062 1788 ab
1091 1726 1189 1790 Arta-

144 1856 246 1896 xerxe
269 1830 389 1896 dictata
417 1829 520 1895 finem
546 1827 635 1896 bello
664 1829 824 1920 imposuit
866 1826 1004 1919 Olymp.
1040 1825 1186 1894 XCVIII
1274 1844 1280 1857 ‘⁴

143 1961 174 2000 a.
211 1936 241 2001 3.
298 1936 501 2025 Temporum
536 1950 722 1998 accuratam
757 1933 1041 2025 computationem
1080 1957 1111 2000 v.
1148 1933 1184 1997 in

142 2036 312 2104 Dodwelli
335 2037 496 2105 Chronol.
519 2036 771 2131 Xenophontea,

147 2265 177 2329 5.
203 2259 472 2346 ἔπειδὴὶΘηβαΐοι
502 2241 709 2348 κρατῆοαντες
741 2265 783 2328 ἐν
813 2262 1033 2349 Λεύκτροις
1066 2259 1183 2328 ἀνελεῖν

191 2365 367 2447 ἐπεχείρουν
390 2361 478 2452 [τοὺς
499 2365 802 2454 Λακιδαιμονίους],
827 2364 1028 2430 διεκωλύσατε
1058 2363 1095 2429 οὗ
1122 2389 1184 2451 φο-

188 2467 342 2552 βηθέντες
354 2465 412 2552 τὴν
422 2464 491 2532 τότε
506 2468 659 2551 Θηβαίοις
679 2466 787 2554 ῥώμην
802 2470 852 2532 καὶ
868 2465 963 2544 δόξαν
972 2464 1183 2554 ὑπάρχουσαν.

131 2566 133 2570 ·
573 2570 655 2623 olymp.
668 2571 757 2622 cur,

229 2654 486 2721 Lacedaemonii
506 2679 590 2748 pace
612 2653 808 2722 Antalcidea
838 2657 881 2724 ob
913 2656 1069 2723 amissum
1089 2657 1185 2750 prin-

143 2763 288 2852 cipatum
317 2757 401 2824 male
431 2761 579 2825 contenti
607 2783 684 2826 mox
706 2784 804 2826 novas
836 2761 884 2825 in‘
908 2760 1049 2826 Graecia
1071 2760 1182 2828 turbas

143 2867 285 2932 excitare
313 2864 423 2930 conati
451 2880 539 2928 sunt
592 2863 707 2954 Itaque
734 2861 871 2955 Olymp.
898 2863 1115 2946 XCv111,'3
1149 2882 1183 2932 et

141 2969 163 3054 A
205 2970 432 3034 Mantinenses
456 2962 680 3059 impugnant,
715 2962 839 3032 deinde
879 2967 1019 3059 Olymp.
1051 2969 1180 3051 XCIX,

144 3098 162 3139 a
186 3073 338 3138 socictate
365 3094 442 3136 cum
458 3071 613 3163 Amynta,
635 3093 712 3163 rege
728 3069 956 3152 Macedoniae,
977 3071 1062 3138 facta
1075 3071 1183 3164 Olyn

143 3178 223 3243 thiis
238 3175 373 3242 bellum
394 3172 558 3254 inle1unt,
587 3199 654 3266 quo
675 3172 820 3239 feliciter
850 3191 1014 3243 transacto
1045 3174 1182 3271 Olymp.
1206 3206 1210 3218 ·
1238 3177 1240 3185 '

143 3281 184 3361 C,
211 3303 221 3345 1
259 3281 361 3346 totius
384 3277 544 3344 Graeciae
566 3275 678 3344 denuo
699 3278 871 3371 principes
892 3255 1046 3367 existunt.
1080 3280 1182 3350 Diod.

140 3383 177 3452 S
202 3384 292 3465 XIV,
316 3407 352 3453 21
381 3398 481 3448 etna.
506 3380 660 3472 Xenoph.
679 3380 767 3448 Hell.
790 3380 833 3465 V,
856 3384 887 3464 3,
911 3406 963 3473 27.
1009 3384 1183 3478 Occupata

141 3490 232 3555 enim
253 3508 315 3580 per
335 3487 494 3552 iniuriam
516 3511 535 3550 a
557 3479 741 3567 Phoebida,
764 3511 871 3578 quum
893 3487 1082 3596 Olynthum
1103 3513 1183 3584 pro-

140 3592 368 3670 ficiscebatur,
399 3613 473 3656 aree
494 3589 673 3674 Thebana,
700 3591 888 3659 universam
919 3617 1055 3686 quoque
1077 3596 1183 3661 Boeo·
1196 3615 1198 3618 ’
1230 3658 1233 3663 .

141 3697 222 3763 tiam
244 3697 285 3762 in
306 3709 503 3788 potestatem
524 3717 617 3760 suam
637 3692 843 3787 redegerant.
893 3697 939 3763 At
966 3721 1045 3765 mox
1072 3696 1182 3764 exules

138 3799 304 3880 Thebani,
328 3796 568 3866 adiuvantibus
583 3781 714 3866 fortiter
735 3798 1012 3883 Atheniensibus,
1035 3799 1181 3894 expulsis

140 3927 180 3971 ex
201 3927 277 3971 arce
299 3899 573 3972 Lacedaemoniis
603 3901 689 3969 belli
709 3905 914 3995 gravissimi,
937 3896 1030 3999 quod
1050 3905 1183 3972 Boeoti-

141 4033 221 4080 cum
242 4025 387 4090 vocatur,
410 4023 560 4088 auctores
584 4005 673 4076 fiunt
694 4005 832 4102 Olymp.
845 4006 884 4102 C,
907 4007 945 4078 3.
983 4008 1064 4076 Eius
1076 4007 1181 4077 Athe·
