2594 4672
613 237 771 377 gt„

171 431 406 512 Macedoniam
434 441 553 507 abiisse
588 430 777 523 contendit,
816 434 909 534 qued
936 462 974 507 re
1001 462 1078 511 vera
1107 450 1218 514 tamen

171 549 284 643 potius
306 547 403 627 lecit,
430 562 467 610 ut
495 570 533 613 co
561 561 735 639 praetextu
761 543 909 638 reliquos
940 546 1114 614 observare
1142 574 1219 642 pos.

172 670 235 734 set,
273 675 317 717 nc
352 648 436 742 quid
469 650 691 741 perniciosius
725 649 762 715 in
795 647 974 742 publicum
992 653 1219 735 *commodum

169 756 459 838 machinarentur,
496 754 638 846 reliqui,
656 771 705 823 ,ut
735 751 852 820 decem
884 752 1070 845 legatorum
1099 781 1220 828 nume-

169 887 226 928 rus
249 860 440 953 expleatur,
470 857 694 939 Philocrates,
727 858 864 949 Phryne
872 908 882 939 ,
915 858 1090 942 Iatrocles,
1131 864 1218 930 Der.

171 965 264 1059 cylus
314 963 426 1043 suere,
479 986 563 1055 quos
603 962 844 1029 Demosthenes
886 961 1141 1056 Aeschinesque
1166 954 1214 1035 ¹in

131 1150 134 1155 .
170 1095 238 1140 crr.
272 1067 314 1135 de
344 1067 367 1134 f.
402 1066 466 1159 leg.
497 1069 620 1160 passim
651 1066 795 1134 afferunt
830 1066 872 1156 (v.
904 1069 1035 1159 supra),
1071 1070 1211 1153 cosdem,

170 1176 231 1268 qui
251 1181 403 1266 priorem
431 1198 567 1265 quoque
595 1169 638 1238 ad
665 1170 866 1264 Philippum
894 1170 1097 1264 legationem
1126 1175 1213 1243 obic-

167 1296 258 1346 runt.
310 1278 369 1344 His
392 1294 501 1343 autem
532 1277 662 1343 cunctis
693 1275 853 1342 traditum
881 1275 1128 1368 populiscitum
1157 1296 1214 1362 est,

168 1380 298 1476 ,singula
322 1406 475 1476 quaeque
497 1382 703 1472 praescripta
725 1382 913 1462 continens,
935 1405 1022 1473 quae
1045 1399 1078 1447 et
1100 1384 1214 1451 obser-

167 1487 274 1557 vanda
296 1505 330 1553 et
349 1485 558 1578 perficienda
579 1486 625 1552 eis
647 1487 684 1549 in
706 1483 906 1552 Macedonia
924 1503 1043 1566 essent,
1059 1486 1103 1551 ‘id
1123 1488 1216 1580 quod

165 1592 286 1660 Aesch.
308 1618 341 1658 π.
364 1615 504 1679 cupane.
526 1613 561 1681 p.
587 1588 625 1675 41
659 1612 705 1656 m.
734 1587 770 1655 τὸ
800 1587 952 1677 ψήφισμα
977 1593 1051 1657 καθ’
1078 1590 1096 1658 ὃ
1125 1597 1216 1682 inpe-

166 1694 342 1782 σβεῦσαμεν
363 1712 475 1775 vocat,
499 1695 753 1785 accuratiusque
775 1692 904 1760 ibidem
926 1692 1098 1761 describit.
1144 1698 1216 1767 Iam

164 1824 244 1870 vero
266 1798 523 1880 Demosthenes,
553 1823 671 1890 quum,
699 1815 736 1864 ut
763 1798 835 1890 ipse
858 1796 974 1864 effatur
1002 1797 1057 1882 (de
1083 1822 1153 1867 cor.
1174 1825 1209 1894 p.

166 1906 231 1992 234
265 1922 298 1970 et
318 1931 351 1970 π.
373 1927 570 1994 naperpp.
594 1903 657 1970 388
680 1903 770 1993 sqq.)
778 1952 788 1983 ,
810 1919 988 1984 metueret,
1011 1925 1055 1970 ne
1077 1904 1214 1998 Philip-

164 2034 229 2103 pus
251 2025 455 2075 sacramento
477 2005 631 2072 nondum
656 2006 837 2091 obstrictus
868 2007 931 2101 ista
959 2010 1120 2100 temporis
1150 2034 1215 2103 op·

163 2113 369 2208 portunitate
391 2111 434 2176 ad
456 2110 632 2177 commoda
654 2134 713 2176 sua
741 2111 948 2192 abuteretur,
978 2131 1215 2206 quantumque
1243 2159 1246 2164 ,

163 2235 276 2311 posset
303 2216 430 2281 interea
460 2217 498 2281 in
527 2215 673 2281 Thracia
704 2232 900 2306 occuparet,
930 2232 970 2281 ut
990 2219 1142 2309 primum
1164 2217 1216 2285 le-

164 2324 232 2414 gati
255 2322 358 2388 creati
380 2316 467 2402 sunt,
489 2319 714 2411 mandataque
736 2319 856 2414 populi
879 2338 1092 2412 acceperunt,
1115 2346 1216 2416 roga-

162 2427 222 2495 bat
242 2414 405 2520 populum
428 2449 533 2517 aeque
555 2448 594 2492 ac
614 2422 748 2515 legatos,
772 2448 873 2516 quam
887 2443 1023 2515 possent
1037 2423 1213 2495 celerrime

163 2531 249 2598 urbe
271 2531 403 2598 abirent
424 2536 468 2614 (π.
491 2555 631 2617 παραπρ.
653 2530 808 2622 poto),
839 2530 978 2620 eiusque
1009 2530 1081 2595 sine
1104 2529 1211 2601 dubio

161 2660 260 2702 suasu
281 2634 404 2701 factum
427 2651 490 2714 est,
524 2651 562 2699 ut
582 2633 804 2725 praesumptis
832 2634 899 2699 iem
926 2635 964 2699 in
991 2635 1065 2725 ipso
1093 2654 1213 2728 pryta-

161 2742 237 2815 niae
258 2735 477 2835 Pandicntidis
500 2737 597 2803 initio
626 2738 717 2802 statis
744 2738 957 2804 comitiorum
978 2736 1118 2821 diebus,
1145 2764 1212 2834 po-

159 2840 260 2936 pulus
282 2841 411 2909 senatui
437 2839 655 2941 maturandae
682 2840 869 2932 legatorum
896 2841 1118 2934 profectionis
1147 2869 1214 2937 po-

160 2964 311 3016 testatem
340 2947 513 3013 tribueret.
563 2946 616 3012 Ex
649 2971 726 3038 qua,
759 2944 872 3038 legatis
896 2945 1020 3014 diutius
1051 2948 1090 3014 in
1122 2949 1212 3016 urbe

159 3071 291 3147 tempus
315 3053 508 3134 terentibus,
537 3069 668 3119 senatus
691 3050 924 3119 Demosthenis
948 3050 1121 3119 decretum
1154 3054 1212 3122 111

70 3216 79 3237 ,
161 3156 402 3248 Munychionis
432 3156 488 3223 die
510 3156 619 3224 sanxit
647 3174 681 3223 et
700 3153 938 3250 promulgavit,
971 3155 1010 3222 id
1040 3157 1134 3249 quod
1165 3159 1211 3224 ab

142 3260 278 3329 -Aesch
300 3287 334 3329 π.
356 3287 496 3350 arpano.
524 3287 559 3353 p.
587 3260 632 3347 do
661 3286 725 3350 m„
745 3261 1039 3354 Demostheneque
1067 3259 1149 3327 ibid.
1171 3286 1208 3354 p.

160 3367 226 3456 389
248 3364 391 3431 affertur.
421 3365 516 3432 Idem
531 3367 560 3431 si
575 3365 611 3432 in
633 3382 747 3435 nostro
769 3389 817 3434 or.
841 3364 885 3431 de
904 3387 974 3431 cor.
988 3365 1064 3435 loeo
1077 3365 1120 3432 ed
1134 3389 1211 3432 ver-

158 3468 204 3536 ba
229 3485 400 3536 exaratum
427 3471 729 3551 occurit,‘omnino
752 3485 1012 3553 consentaneum
1038 3485 1103 3551 est,
1134 3493 1209 3538 non

159 3596 275 3643 omnes
289 3572 407 3641 decem
420 3574 457 3638 in
470 3597 507 3642 eo
529 3572 653 3667 legatos
675 3574 797 3653 afferri,
820 3570 879 3640 sed
891 3595 947 3640 eos
959 3573 1057 3655 solos,
1082 3568 1215 3667 quibus'

155 3680 276 3771 primis
307 3674 452 3770 solisque
485 3676 686 3771 exigendum
715 3704 733 3743 a
769 3677 930 3770 Philippo
960 3695 1208 3746 sacramentum

160 3781 400 3851 demandatum
438 3782 497 3863 sit,
536 3781 682 3874 ideoque
714 3780 920 3875 properandi
952 3782 1084 3849 itineris
1116 3806 1211 3848 sum-

85 3909 88 3918 ·
153 3906 211 3955 'ma
245 3888 422 3956 necessitas
457 3884 612 3952 adfuerit.
672 3887 744 3953 Hac
780 3888 881 3952 unica
908 3887 961 3955 via
995 3885 1206 3952 difficultates

153 3995 192 4059 in
222 3988 357 4060 decreto
387 3993 450 4060 isto
482 3991 606 4081 positas
634 3992 798 4058 removeri
824 4014 922 4086 posse
953 3987 1205 4084 quodammodo

534 4108 537 4117 .
1099 4101 1106 4123 s

154 4114 285 4165 censeo.

1268 2289 1280 2316 Ἰ
