2594 4672
502 261 745 393 ..ω-ζ’,

61 474 128 543 que
149 449 260 544 primo
282 449 357 519 loco
387 454 508 522 eiectos
531 456 667 524 Euboea
698 454 739 522 ab
761 453 1019 524 Atheniensibus
1048 472 1100 547 ty·

61 568 184 620 rennos
195 574 366 639 memorat,
375 581 439 648 pro
452 559 592 650 eiusque
603 561 730 652 incepti
740 559 831 626 felici
842 583 995 638 successu
1005 583 1102 626 coto-

61 676 178 725 natum
206 682 240 724 se
263 659 303 723 ab
326 659 518 733 Aristonico
540 679 693 746 testatur,
711 663 773 729 itu
799 679 837 728 ut
862 660 956 728 illud
970 663 1047 741 edre
1062 665 1101 730 iu

63 764 184 831 verbis:
208 764 472 852 στεφανωσάντων
493 767 597 832 τοίνυν
608 764 697 852 ὑμῶν
712 768 766 852 ἐμὲ
787 767 836 833 ἐπὶ
857 766 978 843 τούτοις
999 767 1100 849 τότε,

62 865 105 932 ad
126 865 163 933 id
184 868 294 958 ipsum
316 872 476 962 temporis
488 888 697 938 momentum
718 871 895 963 pertineat,
919 892 986 961 quo
998 869 1103 936 Athe-
1127 898 1129 903 ·

60 973 231 1048 niensium
252 972 289 1036 in
311 971 485 1041 Euboeam
506 973 672 1067 expeditio
694 991 847 1066 suscepta
869 991 918 1039 est
940 990 974 1038 et
995 991 1102 1039 trans-

61 1092 142 1143 acta.
186 1074 271 1141 Nam
295 1073 418 1142 deinde
439 1101 472 1167 p.
497 1078 561 1163 254
583 1081 632 1145 sic
652 1080 777 1172 pergit:
802 1078 913 1144 οὖνοῦν
932 1077 1024 1165 μέχρι
1044 1080 1102 1162 μὲν
1141 1071 1144 1077 ’

61 1187 124 1247 τῶν
142 1177 267 1265 χρόνων
288 1180 417 1260 ἐκείνων,
442 1184 475 1246 ἐν
496 1178 543 1258 οἷς
557 1183 643 1248 ταῦτ’
665 1181 819 1271 ἐπράχθη,
844 1181 963 1258 πάντας
976 1181 1102 1264 ἀνωμο-

61 1283 195 1368 λόγημαι
217 1279 290 1358 τοὺς
308 1281 442 1369 χρόνους
462 1283 503 1348 τὰ
521 1284 634 1371 ἄριστα
655 1284 801 1370 πράττειν
822 1291 861 1373 τῇ
883 1283 987 1350 no'ltst.¹
999 1333 1029 1351 ..
1054 1299 1104 1348 at-

62 1408 136 1478 que
162 1385 275 1477 paucis
302 1384 412 1451 verbis
434 1403 522 1478 post:
555 1382 658 1472 ἐπειδὴ
688 1391 792 1454 τοίνυν
822 1391 855 1453 ἐκ
883 1393 942 1471 τῆς,
965 1387 1103 1479 Εὖβοίας
1132 1438 1138 1451 ,

63 1487 80 1554 ὃ
107 1488 262 1565 Φίλιππος
284 1486 422 1575 ἐξηλάθη
435 1515 442 1556 ;
456 1540 464 1556 .
478 1539 508 1556 ..
532 1491 636 1577 ἕτερον
662 1489 742 1557 κατὰ
772 1498 829 1576 τῆς
854 1489 971 1571 redietur
992 1492 1104 1556 ἐπιτει-

59 1591 176 1677 χισμὸν
197 1591 304 1678 ἐζήτει,
330 1593 452 1686 quibus
476 1595 634 1661 continuo
657 1595 776 1672 transit
797 1593 840 1658 ad
861 1591 1104 1682 expeditionem

63 1695 322 1762 Atheniensium
342 1697 549 1790 Byzantiam,
588 1697 689 1765 Unde
704 1698 877 1792 manifesto
889 1695 1006 1788 liquet,
1026 1696 1105 1762 Ari-

64 1800 188 1880 stonici>
207 1798 380 1868 decretum
402 1820 435 1869 et
467 1803 509 1870 ob
532 1828 585 1871 res
614 1804 651 1868 in
673 1802 811 1869 Euboea
836 1799 978 1867 feliciter
1000 1818 1103 1890 gestas

64 1927 134 1971 esse
160 1903 278 1985 latum,
318 1921 353 1972 et
386 1908 496 1999 statim
528 1911 617 2000 post
639 1905 790 1998 expulsos
823 1905 960 1973 Euboea
990 1921 1105 1996 tyran-

62 2031 134 2081 nos.
180 2007 280 2092 Quod
300 2009 404 2100 igitur
424 2010 596 2102 reliquum
617 2029 676 2094 est,
696 2027 734 2077 ut
759 2008 978 2103 expeditionis
999 2009 1103 2100 ipsius

63 2137 208 2194 annum,
241 2137 421 2204 rerumque
452 2116 488 2179 in
510 2115 648 2182 Euboea
670 2132 852 2207 gestarum,
876 2138 958 2206 quas
981 2138 1015 2206 p.
1039 2116 1103 2198 248

64 2234 100 2283 et
121 2215 448 2295 252,Demosthenes
469 2237 642 2300 memorat,
664 2221 851 2287 universam
866 2219 1030 2286 rationem
1051 2241 1105 2284 ac·

65 2333 179 2397 cairate
200 2319 422 2411 inquiramus,
445 2319 487 2386 ad
509 2320 547 2386 id
568 2324 635 2388 iam
657 2324 889 2402 convertimur.

155 2423 249 2506 Quae
270 2422 308 2489 in
336 2423 472 2505 Euboea
502 2443 606 2492 aetate
628 2425 820 2518 Philippica
841 2420 926 2491 facta
947 2425 1025 2505 sint,
1048 2446 1105 2490 eo·

62 2553 142 2596 rum
162 2551 317 2594 mancam
339 2526 518 2610 admodum
548 2546 582 2596 et
600 2528 836 2622 perobscurum
865 2527 1026 2594 habemus
1049 2550 1104 2594 co-

63 2634 260 2726 gnitionem.
315 2633 431 2726 «Ipsam
463 2632 713 2726 expeditionem
730 2681 732 2686 -
750 2652 865 2703 contra
896 2649 1054 2724 tyrannos
1084 2656 1104 2695 a

62 2736 223 2830 Philippo
245 2723 282 2802 in
304 2737 441 2820 Euboea
462 2739 867 2830 constitutospraeparcis
888 2737 998 2809 verbis
1019 2736 1105 2804 Dio-

64 2840 166 2909 dorus
196 2838 263 2908 Sic.
297 2844 404 2935 tangit
431 2842 547 2930 (xvi,
579 2843 648 2934 74),
677 2840 763 2908 nihil
785 2839 948 2920 referens,
970 2860 1104 2933 praeter

65 2945 158 3039 quod
181 2945 319 3038 Olymp.
338 2944 429 3028 CIX,
451 2946 474 3032 A
497 2946 696 3028 Clitarchus,
718 2947 869 3011 Eretriae
891 2963 1062 3036 tyrannus,
1085 2970 1104 3008 a

62 3050 250 3131 Phocione,
279 3049 539 3117 Atheniensibus
570 3028 676 3142 bopiis
706 3048 892 3142 praefecto,
922 3049 1027 3114 victus
1060 3040 1105 3117 sit

62 3154 240 3245 insulaque
253 3152 426 3247 expulsus.
472 3155 563 3237 Quae
585 3176 663 3220 vero
692 3154 753 3218 ista
773 3152 1024 3243 praecesserint,
1047 3173 1104 3217 eo-

62 3284 140 3325 rum
172 3281 235 3324 nec
264 3257 429 3326 Diodorus
465 3281 528 3324 nec
559 3256 648 3322 ullus
679 3254 764 3321 alius
795 3278 909 3319 rerum
939 3273 1104 3345 gestatum

34 3450 35 3453 Ἴ
63 3362 208 3455 scriptor
238 3360 568 3454 quantulamcunque
596 3360 751 3428 notitiam
787 3356 986 3450 suppeditat.
1044 3359 1104 3425 Ni-

63 3466 246 3534 hilominus
261 3465 507 3533 Demosthenes
536 3488 641 3556 aeque
670 3482 702 3548 et
729 3461 910 3529 Aeschines
938 3461 1029 3535 haud
1050 3488 1103 3528 re-

62 3596 137 3636 ram
157 3570 312 3636 Euboeae
325 3566 542 3662 Philippique
564 3567 774 3636 moliminum
796 3565 838 3632 ad
851 3565 993 3634 insulam
1010 3566 1102 3647 ,hanc

63 3698 124 3742 suo
147 3673 285 3740 arbitrio
306 3673 546 3741 subiiciendam
559 3673 922 3743 faciuntmentionem.
967 3671 1017 3747 Ea
1038 3671 1103 3763 igi-

16 3844 20 3849 .
64 3796 120 3846 tur
147 3778 376 3871 potissimum,
410 3803 496 3870 quoe
524 3779 564 3844 ab
594 3777 778 3845 oratoribus
809 3776 889 3867 ipsis
912 3773 1102 3840 indicantur

56 3883 168 3972 ‘magis
192 3905 294 3972 quam
315 3880 516 3962 referuntur,
541 3879 734 3975 colligentes
755 3902 835 3960 nos,
868 3876 1019 3971 quae‘ad
1041 3900 1102 3944 no·
1155 3967 1157 3970 y
1197 3875 1199 3882 Α

62 4003 167 4052 strum
190 3985 294 4058 finem
316 3983 502 4077 expediant,
526 3987 760 4074 constituamus
783 4007 914 4051 necesse
936 3998 994 4050 est.

675 4109 680 4130 ⁸
731 4101 772 4162 11
