2594 4672
637 269 794 378 ggq-

195 423 373 515 .tunitatem
386 426 389 431 Ι
403 443 569 511 offerrent.
585 511 589 536 ,
619 444 732 535 Atque
753 443 791 507 in
809 451 1020 530 unaquaque
1046 429 1117 539 fere
1145 437 1240 509 Pelo·

196 552 338 645 po'nnesi
360 550 490 616 civitate
513 573 550 642 er
564 547 709 638 longiori
732 547 799 611 iam
811 561 961 634 tempore
979 542 1239 637 exstabant,··qui
1283 623 1285 627 ἲ

196 655 413 750 popularium
453 653 580 718 animos
614 649 772 743 Philippo
806 645 984 715 conciliare
1022 649 1238 731 conabantur.

111 781 121 799 “·
197 763 268 826 lam
291 761 380 824 enim
403 754 543 846 Olymp.
568 754 696 838 CVIII,
734 778 743 819 1
771 751 955 820 Aeschines
976 751 1119 819 Athenis
1144 761 1239 821 acctl·
1267 823 1268 826 ,

91 921 94 930 .
198 863 290 928 sabat
309 847 520 952 Philippum,
543 858 636 948 quod
657 860 694 923 in
708 855 939 948 Peloponneso
962 857 1061 922 etiam
1076 878 1156 923 suos
1179 858 1238 926 sibi

198 966 410 1038 conduxisset
436 979 630 1055 sectatores,
665 963 724 1055 qui
758 984 872 1027 rerum
905 959 1120 1056 publicarum
1152 982 1240 1029 com«

185 1068 299 1138 moda
320 1069 508 1134 subvertere
538 1067 737 1157 molirentur
768 1068 882 1156 (Dein.
905 1093 938 1130 π.
951 1090 1089 1152 nonnam.
1113 1088 1149 1158 p.
1169 1065 1240 1152 344,

199 1175 291 1261 438),
314 1173 504 1266 legatosque
523 1171 780 1239 Atheniensium
802 1169 845 1235 ad
866 1167 1057 1235 excitandas
1085 1169 1243 1238 adversus

98 1284 101 1293 '
199 1275 399 1368 Philippum
422 1277 566 1368 civitates
589 1278 627 1342 in
639 1273 910 1366 Peloponnesum
930 1296 971 1359 eo
990 1267 1146 1365 tempore⁵
1166 1265 1245 1366 mii-

201 1405 252 1449 sos
275 1380 323 1447 nil
346 1380 498 1464 effecisse,
517 1405 621 1472 >supra
637 1379 821 1447 docuimus.
865 1378 907 1444 V.
932 1400 1003 1470 cap.
1028 1378 1086 1457 Ill,
1115 1401 1142 1444 t.
1193 1382 1246 1447 In·-

201 1487 354 1577 sequenti
386 1509 492 1567 anno,
523 1484 662 1577 Olymp.
694 1482 824 1564 CVIII,
859 1505 890 1563 2,
918 1505 1002 1574 pace
1031 1481 1134 1549 modo
1168 1508 1246 1552 cum

192 1590 463 1657 'Atheniensibus
489 1588 575 1657 facta
604 1587 781 1679 Philippus
804 1587 981 1676 Messeniis
1003 1586 1159 1654 adversus
1184 1590 1250 1661 La..

101 1708 103 1713 ’
184 1680 188 1688 ¹
202 1688 433 1763 cedaemcnios
446 1718 544 1786 opem
552 1696 619 1760 iam
630 1692 717 1758 ferre
732 1689 957 1772 constitueret,
975 1715 1081 1783 quum
1094 1693 1249 1784 primum

201 1798 499 1891 Amphictyonicas
512 1798 625 1872 turbas
637 1820 673 1861 ex
687 1795 851 1888 sententia
865 1795 1113 1887 composuisset.
1143 1798 1248 1866 Isoer.

71 1913 74 1927 ¹
169 1970 170 1974 ,
203 1928 251 1970 or.
274 1901 317 1968 ad
339 1899 487 1992 Philipp.
510 1927 544 1992 p.
571 1901 642 1985 ¹4⁰·
666 1901 703 1964 L.
750 1900 874 1965 Excisis
895 1901 999 1992 igitur
1016 1900 1248 1995 Phocensibus

204 2031 309 2100 quum
340 2005 489 2096 ipsarum
523 2005 621 2069 etiam
651 2001 785 2068 illarum
814 2002 1035 2096 Peloponnesi
1063 2007 1250 2079 civitatium

203 2108 367 2202 suffragiis
408 2106 682 2199 Amphictyonici
718 2109 800 2173 iuris
841 2130 977 2203 compos
1010 2108 1117 2175 ¹lactus
1148 2126 1247 2191 esset,

161 2244 176 2258 ··
204 2214 317 2303 (Dem.
341 2211 383 2277 de
404 2235 488 2304 pace
509 2237 543 2304 p.
565 2212 631 2296 61),
651 2212 809 2298 ⁴societate
832 2224 911 2278 cum
926 2214 974 2292 eis
987 2202 1160 2282 conciliata
1183 2219 1252 2304 (cr.

111 2350 113 2357 ,
204 2315 248 2384 ad
278 2319 374 2410 epist.
404 2313 490 2386 Phil.
517 2342 551 2407 p.
579 2318 653 2399 153)
681 2314 969 2398 Lacedaemoniis,
1003 2333 1041 2383 ut
1069 2318 1252 2413 Messenen

205 2421 431 2502 dimitterent,
460 2420 524 2495 hoc
555 2424 604 2487 est
637 2420 779 2496 libe-ram
814 2445 887 2487 eam
917 2423 1036 2515 suique
1058 2424 1147 2487 'iuris
1181 2447 1252 2490 esse

179 2523 438 2613 concederent,
459 2525 636 2618 imperavit
656 2525 765 2607 (Dent.
783 2522 869 2590 Phil.
893 2526 937 2609 ΙΙ,
957 2550 994 2618 p.
1014 2527 1090 2617 69);
1114 2527 1253 2606 eodem-

205 2654 272 2724 que
299 2646 466 2721 tempore,
495 2650 562 2721 quo
590 2629 831 2702 Demosthenes
860 2629 1040 2696 secundam
1068 2627 1163 2697 illam
1194 2631 1254 2699 ad-

144 2718 146 2731 ‚
200 2757 316 2810 ¹versus
339 2731 537 2823 Philippum
558 2733 745 2799 orationem
770 2734 968 2824 perorabat,
991 2734 1131 2828 Olymp.
1155 2735 1253 2818 CIX,

209 2861 221 2903 t
241 2838 379 2903 ineunte
398 2831 608 2935 quiove(v.
624 2837 742 2929 caph.
758 2839 851 2922 nul)
874 2838 917 2903 ad
926 2827 1136 2930 exsequenda
1143 2843 1255 2931 proti·

204 2966 269 3008 nus
278 2943 377 3022 iussa,
387 2938 647 3032 Spartametiam
656 2940 812 3008 invadere
821 2943 1070 3034 accingebatur:
1083 2950 1255 3022 τοΐςΜεσ-

206 3049 323 3131 σηνίοις
345 3048 379 3114 δὲ
400 3046 451 3113 καλ
473 3055 539 3124 τοῖς
555 3045 704 3134 Ἀργείοις
726 3047 774 3132 ἐπὶ
796 3046 871 3124 τοὺς
882 3040 1156 3140 Λακεδαιμονίους
1169 3044 1282 3136 conf*

142 3199 144 3203 .
203 3149 330 3235 βάλλειν
360 3150 397 3219 οὗ
426 3151 549 3235 μέλλει,
574 3150 655 3218 ἀλλὰ
682 3153 733 3217 καὶ
756 3152 861 3229 ξένους
887 3153 1056 3246 elendune,
1078 3156 1144 3220 >nul
1164 3155 1256 3243 ,χρή-

71 3263 74 3270 ’
109 3335 110 3339 Ἰ
204 3252 279 3340 ματ’
307 3254 503 3336 ἀποστέλλει,
539 3256 590 3322 καὶ
625 3253 757 3340 δύναμιν
789 3254 928 3342 μεγάλην
957 3256 1035 3341 ἔχων
1061 3257 1158 3335 αῧτός
1187 3262 1256 3326 ἐστι
1285 3267 1289 3279 “

205 3357 421 3444 προςλόκιμος.
445 3356 534 3426 Phil.
558 3357 603 3439 11,
624 3382 660 3451 p.
682 3359 736 3449 69.
782 3360 857 3426 llue
870 3358 1064 3427 referendae
1081 3360 1175 3427 haud
1190 3361 1256 3429 du-

205 3462 264 3530 bie
290 3463 544 3548 suntrminaces
579 3486 713 3556 queque
735 3462 810 3529 illae
839 3463 1060 3558 epistolae,a
1089 3465 1254 3560 Philippo

206 3564 477 3636 Lacedaemoniis
489 3567 619 3647 missae,
642 3591 785 3662 quarum
800 3569 955 3636 meminit
968 3568 1056 3636 Plut
1070 3567 1113 3635 de
1126 3570 1253 3663 gamul.

96 3691 98 3700 ’
169 3688 176 3729 ἰ
206 3668 284 3742 vot.
296 3671 338 3752 X,
350 3694 384 3765 p.
401 3691 470 3760 119.
483 3669 524 3736 H.
541 3669 598 3755 (cI.
610 3669 728 3738 Valek.
752 3669 794 3738 ad
803 3672 944 3741 Theocr.
956 3671 1118 3740 Adoniaz.
1140 3699 1174 3766 p.
1187 3674 1251 3740 268

208 3783 308 3871 sqq.),
337 3774 527 3869 quibusque
549 3765 823 3856 Lacedaemonii,
854 3792 1059 3869 quamquam
1081 3793 1196 3846 nasuta
1218 3792 1253 3844 et
1276 3865 1278 3871 Ι

209 3880 378 3948 succincta
400 3876 442 3945 ad
464 3902 503 3945 ea
523 3902 681 3971 responsa
702 3879 892 3962 retulerint,
916 3880 1037 3948 adduci
1059 3901 1169 3950 tamen
1189 3904 1254 3972 po·

210 4001 328 4066 terant,
351 4000 389 4051 ut
405 3982 526 4063 maiori
544 3981 666 4048 deinde
680 3984 909 4052 mederatione
921 3998 1108 4053 uterentur.¹
1150 3986 1255 4053 Athe-

211 4089 343 4160 nienses
364 4108 443 4158 vero
466 4088 536 4156 istis
548 4082 702 4182 Philippi
716 4088 863 4159 consiliis
881 4090 1098 4184 expergefacti
1108 4090 1253 4185 'Olymp
