2594 4672
427 263 696 401 aa..

95 460 194 527 randi
235 457 402 548 exigendi
424 482 520 531 causa
538 455 646 529 adire
680 458 876 553 Philippum
906 459 1141 531 demandatum

93 580 197 645 esset,
218 561 358 629 Athenis
390 561 500 645 adhuc
528 582 830 645 commorarentur,
861 562 899 630 id
927 566 1141 657 quodetiam

96 666 239 760 epistola
261 663 413 732 Charetis
437 665 622 734 confirmat.
651 695 689 735 π.
707 693 846 755 παραπρ.
867 694 903 759 Ρ.
925 666 980 752 4ο.
1026 669 1141 788 Itaque

93 770 309 863 Philippus
299 787 389 836 inter
418 772 525 891 ipsam
553 772 644 874 pacis
676 773 868 862 pactionem
889 770 1032 838 Thracia
1052 772 1142 863 poti-

92 893 147 942 tus
170 874 252 943 dato
269 874 369 941 etiam
390 893 467 966 post
495 877 570 941 iure
605 873 749 942 iurando
771 898 922 967 paceque
945 876 1140 945 confirmata

93 977 227 1046 castella
247 976 305 1044 illa
328 978 482 1058 obtinuit,
506 996 544 1046 ut
566 991 653 1072 quae
681 1003 751 1046 non
779 978 1039 1046 Atheniensium
1060 980 1141 1046 suis-

17 1078 20 1088 ’
92 1100 182 1164 sent,
209 1082 286 1163 sed,
316 1105 419 1174 quem
449 1080 659 1167 debellasset,
685 1082 920 1175 Cer-sobleptis.
966 1083 1071 1150 Erant
1092 1101 1141 1150 etr
1187 1089 1190 1095 '

93 1191 187 1255 enim
209 1212 247 1253 ea
268 1188 406 1253 maximi
427 1189 598 1270 momenti,
614 1189 751 1312 quippe
774 1210 861 1278 quae
884 1203 917 1254 et
929 1185 1139 1257 Chersoneso

92 1310 128 1359 et
148 1282 361 1382 Hellesponti
390 1291 622 1411 regionibus
603 1293 863 1363 imminerent.
895 1291 982 1376 Qua
1001 1308 1141 1385 propter

38 1409 41 1412 “
92 1395 306 1489 Philippus
295 1412 385 1463 inter
414 1398 523 1487 ipsam
551 1397 644 1485 pacis
673 1398 864 1500 pactionem
894 1390 1141 1490 expeditionem

93 1499 192 1568 illam
213 1498 376 1591 perficere
399 1500 595 1584 conabatur,
623 1517 662 1565 ut
682 1485 904 1587 Athenienses
933 1523 1033 1592 opem
1056 1498 1140 1567 Cer

48 1595 51 1604 ⁸
93 1603 238 1696 soblepti
263 1603 351 1670 serre
377 1627 462 1697 pace
491 1605 577 1671 inita
605 1580 867 1697 impedirentur3
898 1602 1140 1679 Demosthenes
1165 1631 1169 1652 ·

92 1726 209 1778 contra
230 1707 364 1801 legati
353 1732 405 1774 rus
426 1706 609 1777 iurandum
620 1725 763 1777 exacturi
783 1725 823 1775 ut
831 1705 1040 1801 Phihppum
1063 1708 1141 1775 ubi-
1217 1736 1218 1739 ¹

93 1837 228 1933 cunque
255 1830 457 1893 versaretur,
485 1837 617 1881 summa
644 1812 814 1881 celeritate
840 1811 986 1894 adirent,
1015 1834 1140 1906 propo-

92 1917 167 1986 suit.
217 1917 437 1984 Athenienses
465 1941 561 1999 vero,
589 1917 826 2008 instigantibus
856 1915 1060 1997 oratoribus,
1083 1915 1144 1984 eo?

47 2061 50 2066 .
91 2044 239 2114 rumque
259 2020 352 2088 haud
380 2022 523 2088 minime
548 2021 790 2101 Demosthene,
820 2017 955 2088 castella
981 2019 1041 2087 illa
1069 2006 1140 2106 ιιιιι-
1190 2035 1193 2038 ’

15 2138 18 2144 ’
91 2147 158 2216 gna
181 2149 258 2191 cum
276 2125 528 2192 exacerbatione
544 2142 703 2191 continuo
715 2124 945 2216 reposcebant,
968 2142 1139 2217 tamquam

91 2246 171 2294 suae
193 2226 332 2294 fuissent
354 2226 511 2307 ditionis,
546 2227 640 2318 quod
667 2229 802 2294 eiectis
810 2230 878 2296 suis
905 2227 1071 2295 militibus
1100 2250 1139 2309 aa

91 2336 287 2424 occupasset
306 2327 498 2423 Philippus.
544 2331 619 2414 Quo
650 2333 791 2398 crimine
818 2350 857 2397 ιιι
884 2355 954 2398 sese
982 2333 1139 2405 eximeret
1170 2353 1173 2358 ’

91 2433 285 2526 Philippus,
309 2432 450 2524 Olymp.
475 2432 566 2514 CIX,
589 2457 609 2499 ι
631 2435 732 2500 missa
759 2432 802 2499 ad
822 2433 1043 2501 Athenienses
1066 2437 1139 2530 epi-

25 2587 26 2591 ι
89 2536 184 2620 stola,
207 2563 276 2632 qua
299 2561 355 2606 eos
378 2537 423 2603 ad
444 2530 694 2631 componendas
717 2539 954 2605 controversias
976 2561 1139 2632 provoca-

24 2694 27 2700 ·
88 2643 157 2729 bat,
179 2641 216 2707 id
236 2653 374 2735 quoque
394 2642 581 2735 proposuit,
603 2639 647 2707 de
661 2641 804 2710 castellis
820 2640 891 2710 illis
912 2658 951 2710 ut
972 2641 1138 2722 iudicium
1207 2662 1209 2666 ·
1256 2684 1257 2688 =

88 2764 257 2839 ageretur..
295 2746 340 2814 V.
365 2748 551 2814 orationem
572 2745 616 2812 de
635 2745 814 2827 Haloneso,
838 2769 928 2815 anno
950 2744 1010 2815 illo
1031 2747 1152 2831 Athos
1190 2792 1191 2798 κ

73 2871 77 2898 ¹
87 2855 141 2926 nis
163 2852 330 2934 habitam,
362 2851 478 2944 ibique
506 2876 540 2942 Ρ.
539 2853 625 2937 8’5,
660 2849 766 2932 unde,
799 2847 884 2943 quid
906 2850 1064 2943 conditio
1079 2850 1136 2930 ille

88 2956 298 3048 aPhilippo
326 2956 497 3049 proposita
529 2954 671 3050 Athenis
700 2953 867 3034 effecerit,
892 2954 991 3021 facile
1026 2973 1136 3087 potest
1199 2986 1200 2989 ¹
1257 2960 1259 2964 ’

87 3058 582 3128 concludi·
1130 3115 1134 3126 .

69 3214 92 3230 ι.
176 3165 348 3245 Ceterum,
368 3161 464 3256 quod
486 3163 728 3231 Demosthenes
751 3162 933 3235 Thraciam
962 3128 1132 3235 tumente

31 3330 34 3334 ι
85 3267 202 3337 ιιιιιιιιι
225 3270 276 3334 ius
299 3266 481 3334 iurandum
504 3267 694 3358 abripuisse
715 3263 915 3357 Philippum
930 3264 1015 3335 dicit
1037 3269 1132 3355 (προ-

84 3373 193 3455 λαβὼν
222 3371 280 3458 tir
310 3372 440 3464 Θράκην
470 3369 512 3438 de
541 3394 621 3444 oon·
633 3370 724 3453 236),
754 3367 790 3435 ιιι
820 3388 876 3435 aut
905 3369 947 3437 ad
975 3369 1045 3439 sola
1073 3371 1133 3438 illa

86 3470 220 3543 castella
241 3475 456 3543 referendum
485 3493 544 3556 est,
578 3492 637 3541 aut
656 3475 722 3541 hoc
743 3473 809 3541 sibi
831 3471 911 3557 vult,
934 3474 1132 3596 Philippum

86 3563 303 3673 Cersoblepte
326 3604 485 3675 oppresso
515 3595 583 3648 tota
611 3598 683 3647 tum
705 3578 849 3645 Thracia
876 3580 1021 3671 potitum
1051 3603 1130 3646 esse
1153 3657 1154 3660 Ἴ

53 3744 56 3751 .
83 3685 131 3753 Et
148 3707 229 3753 sane
250 3684 432 3752 Aeschines
456 3683 636 3757 Charetem
658 3685 832 3749 nunciasse
856 3702 926 3750 turn
948 3685 1132 3751 Athenien·

82 3791 175 3857 sibus
197 3789 350 3871 refert,‘'
332 3816 379 3855 οτι
401 3789 644 3877 Κερσοβλέπτης
665 3788 838 3855 ἀπολώλεκε
866 3788 925 3873 τὴν
952 3787 1120 3873 ἇρχήνπ
1081 3789 1129 3871 (π.
1232 3847 1233 3850 ,

82 3920 223 3983 παραπρ.
246 3921 280 3987 Ρ.
289 3894 347 3979 (ιο
368 3895 440 3981 in).
466 3895 510 3959 At
524 3892 673 3961 Diodor.
685 3891 816 3982 (XVI,
842 3895 898 3981 71)
928 3888 1150 3982 Philippum.

82 3996 224 4091 Olymp.
250 3999 345 4078 CIX,
378 4022 397 4064 a
423 3986 638 4090 Cessoblepte
660 3996 789 4063 devicto
813 3995 993 4061 Thraciam
1015 3991 1129 4061 Mace-

82 4099 203 4171 doniae
224 4097 350 4214 fecisse
364 4101 572 4169 tributariam
593 4119 714 4168 narmrat
761 4101 878 4191 ltaque
895 4097 1128 4191 Cersobleptes
