2594 4672
155 427 308 499 Thebani
345 425 443 494 sociis
477 426 546 493 suis
582 427 873 519 Peloponnesiacis
912 425 1069 520 opitulari
1106 427 1196 497 bello

155 531 321 599 Phocensi
348 528 629 622 prohibebantur,
668 531 889 598 Archidamus
918 531 1198 605 Lacedaemonio-

154 660 232 702 rum
254 658 324 715 rer,
347 651 524 727 postquam
544 635 693 725 primum
716 633 758 700 de
775 636 913 728 Argitis
932 635 975 702 ad
998 635 1126 701 Orneas
1148 639 1197 702 vi-

156 741 294 821 ctoriam
319 737 550 828 deportaverat
571 737 684 828 (Diod.
709 737 744 806 S.
768 739 861 821 XVI,
884 739 954 831 34),
977 741 1136 807 continuo
1160 741 1197 806 in
1276 808 1279 812 ,

156 840 410 938 Megalopolitas
449 866 584 934 quoque
621 865 797 910 conversus
837 860 894 910 est.
931 844 1003 910 ‘Eo
1045 860 1198 935 ternpore

156 973 263 1038 quum
284 946 502 1024 Athenienses
526 945 567 1012 ab
589 960 731 1038 utraque
746 963 842 1037 parte
855 945 976 1022 auxilia
989 965 1196 1038 rogarentur,

155 1050 398 1117 Demosthenes
415 1051 599 1118 orationem
616 1073 679 1142 pro
695 1051 946 1145 Megalopolitis
968 1051 1095 1132 habuit,
1118 1077 1196 1143 qua,

153 1172 193 1220 ut
213 1171 378 1221 certamen
402 1172 559 1246 utrasque
580 1157 668 1221 inter
689 1155 838 1222 civitates
864 1154 1071 1237 dirimerent,
1093 1155 1198 1222 Athe-

155 1257 330 1325 niensibus
357 1258 474 1338 suasit,
506 1255 645 1350 Olymp.
675 1257 769 1339 CVI,
799 1258 830 1343 4.
884 1260 925 1326 V.
953 1260 1092 1352 Dionys.
1122 1257 1195 1326 Hal.

154 1362 177 1428 l.
210 1387 237 1428 c.
266 1363 297 1451 4.
328 1360 359 1446 4.
413 1359 512 1453 Quod
540 1378 653 1427 utrum
691 1360 800 1428 facere
830 1361 1050 1442 Athenienses
1087 1364 1198 1431 eonati

156 1469 240 1548 sint,
270 1489 333 1532 nee
355 1487 417 1546 ne,
447 1461 539 1531 haud
568 1466 644 1531 satis
666 1483 808 1549 constat3
839 1464 877 1532 id
898 1490 975 1535 vero
998 1485 1116 1539 notum
1139 1484 1197 1548 est,

158 1570 295 1663 Olymp.
325 1568 438 1649 CVII,
472 1594 481 1634 1
510 1587 639 1659 gestum
668 1593 737 1636 esse
765 1565 893 1635 bellum
924 1570 1012 1637 inter
1033 1569 1199 1637 Lacedae-

154 1677 286 1743 monios
322 1690 355 1739 et
389 1671 659 1765 Megalopolitas,
695 1673 750 1738 cui
784 1691 895 1740 tamen
930 1697 1009 1742 mox
1041 1671 1199 1741 induciae

116 1827 118 1832 ·
156 1780 260 1859 finem
281 1780 523 1869 imposuerunt.
569 1775 671 1844 Diod.
695 1776 729 1844 S.
753 1776 848 1858 XVI,
871 1779 924 1868 39.
970 1780 1062 1864 Quae
1076 1776 1198 1859 deinde

157 1881 199 1950 ad
223 1881 360 1974 Olymp.
387 1907 493 1974 usque
525 1881 640 1950 CVIII
667 1907 695 1946 a.
724 1903 742 1946 a
774 1881 948 1948 subsecuta
969 1881 1054 1963 slnt,
1087 1882 1198 1948 miuus

156 1986 296 2080 quidem
316 1987 486 2070 novimus3
508 1984 689 2069 verisimile
702 1989 813 2079 tamen
836 2003 901 2068 est,
917 1983 1198 2057 Lacedaemonios

155 2110 188 2158 et
223 2083 287 2158 hoc
325 2091 485 2181 temporis
523 2089 699 2157 intervallo
739 2088 990 2181 recuperandae
1027 2091 1198 2184 potestatis

153 2196 316 2288 pristinae
347 2192 543 2285 cupidinem
571 2191 742 2265 nihildum
772 2193 999 2262 intermisisse.
1043 2194 1127 2260 Istae
1150 2212 1199 2261 et·

156 2299 248 2364 enlm
281 2298 398 2364 turbae
434 2295 598 2362 devastata
630 2297 683 2363 vix
713 2295 863 2363 Phocide
895 2298 1055 2389 Philippo
1084 2321 1198 2364 ansam

155 2400 403 2494 praebuerunt,
425 2416 464 2465 ut
484 2422 555 2466 sese
577 2396 699 2465 iudicis
723 2400 827 2464 instar
852 2400 953 2467 rebus
974 2399 1198 2491 Peloponnesi

153 2507 368 2573 immisceret.
413 2503 533 2596 Neque
555 2520 666 2569 tamen
690 2503 891 2583 Messenios,
918 2501 1077 2585 Arcades,
1099 2505 1198 2596 Argi-

152 2633 279 2701 vosque
301 2607 388 2675 solos
402 2610 491 2674 inter
505 2626 537 2673 et
551 2605 832 2674 Lacedaemonios
848 2622 1016 2674 certamen
1028 2610 1197 2690 intererat,

151 2714 390 2782 verumetiam
419 2727 545 2778 ceterae
574 2710 798 2805 Peloponnesi
815 2722 817 2731 ”
832 2713 978 2778 civitates
1011 2735 1080 2780 non
1114 2711 1196 2779 adeo

148 2820 267 2913 ,quieta
287 2804 444 2883 videntur
465 2841 541 2882 usae
565 2841 634 2882 esse
662 2814 865 2883 conditione.
912 2816 1104 2910 Earumque
1126 2815 1197 2882 Elis

148 2923 350 3016 ‚praeseltim
392 2919 512 3004 eodem,
549 2920 628 3012 ipso·
663 2937 813 3013 tempore
848 2920 991 2987 internis
1027 2919 1198 2987 laborabat

153 3025 348 3107 discordiis,
376 3050 482 3117 quum
512 3026 724 3116 optimatium
747 3042 780 3091 et
801 3023 1017 3116 popularium
1039 3025 1196 3092 sactiones

151 3127 399 3221 rempublicam
419 3127 652 3210 dilacerarent,
676 3126 789 3194 donce
805 3152 875 3193 una
896 3128 1019 3194 civium
1041 3153 1125 3220 pars·
1141 3152 1197 3194 ex-

152 3232 246 3299 ulare
269 3251 383 3301 coacta
405 3251 462 3301 est.
507 3232 629 3300 Exules
664 3235 756 3300 enim
770 3241 771 3244 ’
784 3230 882 3299 Eleos
911 3233 1024 3300 accitis
1047 3232 1198 3300 Phocen-

150 3338 243 3405 sibus
265 3335 341 3419 illis,
365 3338 487 3432 quibus
509 3335 672 3404 Phalaeco
695 3335 781 3402 duce
796 3333 896 3422 'liber
918 3359 936 3401 e
957 3333 1114 3403 Phocide·
1128 3336 1205 3404 dis*
1236 3356 1237 3359 ’

151 3437 311 3518 cessus‘a
339 3439 498 3534 Philippo
522 3440 618 3517 datus
641 3456 700 3525 est,
745 3439 884 3533 Olymp.
908 3439 1031 3530 CVIII,
1054 3440 1198 3527 3,vel4

149 3546 271 3612 urbem
291 3547 436 3637 patriam
466 3545 624 3613 invasisse
651 3543 822 3611 Diodorus
851 3544 954 3612 refert
984 3545 1095 3628 (XVI,
1120 3546 1194 3628 63),

149 3646 338 3728 Arcadibus
360 3666 472 3716 tamen
495 3669 594 3741 opem
615 3647 797 3715 serentibus
819 3647 921 3717 victos
933 3671 1196 3741 suppressosque

149 3778 229 3822 csse>
244 3776 312 3819 una
334 3776 411 3821 eum
426 3753 581 3826 Phalaeci
600 3747 824 3821 mercenariis.
869 3749 929 3819 His
952 3753 1096 3820 motibus
1117 3774 1196 3845 per-

152 3857 300 3928 turbatae
340 3857 564 3948 Peloponnesi
600 3854 745 3925 ciuitates
784 3851 936 3951 Philippi
975 3857 1057 3924 votis
1094 3880 1196 3948 quam

150 3965 292 4031 maxime
323 3959 589 4052 respondebant,
620 3962 744 4053 quippe
780 3985 865 4052 quae
896 3958 1112 4028 stabiliendae
1143 3959 1209 4025 his·

142 4091 291 4161 ,quoqne
313 4063 506 4157 regionibus
529 4065 713 4134 auctoritati
744 4065 811 4132 aius
834 4064 1048 4170 'commodam
1072 4080 1196 4158 oppor-
