<?xml version="1.0" encoding="UTF-8"?>
<!DOCTYPE html PUBLIC "-//W3C//DTD XHTML 1.0 Transitional//EN"
    "http://www.w3.org/TR/xhtml1/DTD/xhtml1-transitional.dtd">
<html xmlns="http://www.w3.org/1999/xhtml" xml:lang="en" lang="en">
 <head>
  <title>
</title>
<meta http-equiv="Content-Type" content="text/html;charset=utf-8" />
  <meta name='ocr-system' content='tesseract 3.04.00' />
  <meta name='ocr-capabilities' content='ocr_page ocr_carea ocr_par ocr_line ocrx_word'/>
</head>
<body>
  <div class='ocr_page' id='page_1' title='image "./commentariihist00wiengoog_0311.png"; bbox 0 0 2594 4672; ppageno 0'>
   <div class='ocr_carea' id='block_1_1' title="bbox 131 439 1179 540">
    <p class='ocr_par' dir='ltr' id='par_1_1' title="bbox 131 439 1179 540">
     <span class='ocr_line' id='line_1_1' title="bbox 131 439 1179 540; baseline 0.004 -31"><span class='ocrx_word' id='word_1_1' title='bbox 131 458 269 536; x_wconf 80' lang='lat' dir='ltr'><strong>prorsus</strong></span> <span class='ocrx_word' id='word_1_2' title='bbox 295 439 494 510; x_wconf 80' lang='lat' dir='ltr'><strong>occultanda</strong></span> <span class='ocrx_word' id='word_1_3' title='bbox 520 443 683 510; x_wconf 72' lang='lat' dir='ltr'><strong>Aeschini</strong></span> <span class='ocrx_word' id='word_1_4' title='bbox 707 441 829 511; x_wconf 81' lang='lat' dir='ltr'><strong>verius</strong></span> <span class='ocrx_word' id='word_1_5' title='bbox 853 443 966 511; x_wconf 81' lang='lat' dir='ltr'><strong>fuerit</strong></span> <span class='ocrx_word' id='word_1_6' title='bbox 1012 444 1061 513; x_wconf 82' lang='lat' dir='ltr'><strong>Et</strong></span> <span class='ocrx_word' id='word_1_7' title='bbox 1079 463 1179 540; x_wconf 75' lang='lat' dir='ltr'><strong>pote-</strong></span> 
     </span>
    </p>
   </div>
   <div class='ocr_carea' id='block_1_2' title="bbox 129 546 1182 956">
    <p class='ocr_par' dir='ltr' id='par_1_2' title="bbox 129 546 1182 956">
     <span class='ocr_line' id='line_1_2' title="bbox 134 546 1182 639; baseline 0.008 -27"><span class='ocrx_word' id='word_1_8' title='bbox 134 563 188 613; x_wconf 85' lang='lat' dir='ltr'><strong>rat</strong></span> <span class='ocrx_word' id='word_1_9' title='bbox 199 546 250 612; x_wconf 87' lang='lat' dir='ltr'><strong>nil</strong></span> <span class='ocrx_word' id='word_1_10' title='bbox 260 547 383 612; x_wconf 84' lang='lat' dir='ltr'><strong>inflexa</strong></span> <span class='ocrx_word' id='word_1_11' title='bbox 395 548 532 615; x_wconf 82' lang='lat' dir='ltr'><strong>veritate</strong></span> <span class='ocrx_word' id='word_1_12' title='bbox 542 546 910 639; x_wconf 83' lang='lat' dir='ltr'><strong>Aeschinesetgravcm</strong></span> <span class='ocrx_word' id='word_1_13' title='bbox 919 551 1124 618; x_wconf 88' lang='lat' dir='ltr'><strong>sententiam</strong></span> <span class='ocrx_word' id='word_1_14' title='bbox 1143 571 1182 622; x_wconf 89' lang='lat' dir='ltr'><strong>et-</strong></span> 
     </span>
     <span class='ocr_line' id='line_1_3' title="bbox 130 649 1179 744; baseline 0.002 -26"><span class='ocrx_word' id='word_1_15' title='bbox 130 650 264 718; x_wconf 85' lang='lat' dir='ltr'><strong>lenibns</strong></span> <span class='ocrx_word' id='word_1_16' title='bbox 284 651 395 717; x_wconf 85' lang='lat' dir='ltr'><strong>verbis</strong></span> <span class='ocrx_word' id='word_1_17' title='bbox 415 653 657 744; x_wconf 80' lang='lat' dir='ltr'><strong>pronunciare,</strong></span> <span class='ocrx_word' id='word_1_18' title='bbox 689 651 720 718; x_wconf 88' lang='lat' dir='ltr'><strong>si</strong></span> <span class='ocrx_word' id='word_1_19' title='bbox 740 651 882 718; x_wconf 88' lang='lat' dir='ltr'><strong>diceret:</strong></span> <span class='ocrx_word' id='word_1_20' title='bbox 909 649 1014 720; x_wconf 74' lang='grc' dir='ltr'><strong>ὁτῶν</strong></span> <span class='ocrx_word' id='word_1_21' title='bbox 1038 659 1179 744; x_wconf 61' lang='grc' dir='ltr'><strong><em>Περσῶν</em></strong></span> 
     </span>
     <span class='ocr_line' id='line_1_4' title="bbox 129 753 1182 846; baseline 0.003 -24"><span class='ocrx_word' id='word_1_22' title='bbox 129 753 342 839; x_wconf 70' lang='grc' dir='ltr'><strong><em>βασιλεὺς-</em></strong></span> <span class='ocrx_word' id='word_1_23' title='bbox 361 761 418 822; x_wconf 72' lang='grc' dir='ltr'><strong>νῦν</strong></span> <span class='ocrx_word' id='word_1_24' title='bbox 442 757 480 822; x_wconf 77' lang='lat' dir='ltr'><strong>oti</strong></span> <span class='ocrx_word' id='word_1_25' title='bbox 508 757 578 843; x_wconf 72' lang='lat' dir='ltr'><strong>aspi</strong></span> <span class='ocrx_word' id='word_1_26' title='bbox 605 761 663 824; x_wconf 77' lang='grc' dir='ltr'><strong>τοῦ</strong></span> <span class='ocrx_word' id='word_1_27' title='bbox 690 753 797 842; x_wconf 72' lang='lat' dir='ltr'><strong>seipsos</strong></span> <span class='ocrx_word' id='word_1_28' title='bbox 823 753 937 843; x_wconf 68' lang='grc' dir='ltr'><em>ἑτέρων</em></span> <span class='ocrx_word' id='word_1_29' title='bbox 956 753 1038 824; x_wconf 73' lang='grc' dir='ltr'><strong><em>εἶναι</em></strong></span> <span class='ocrx_word' id='word_1_30' title='bbox 1058 762 1182 846; x_wconf 65' lang='lat' dir='ltr'><strong>dauym</strong></span> 
     </span>
     <span class='ocr_line' id='line_1_5' title="bbox 131 858 1177 956; baseline 0 -29"><span class='ocrx_word' id='word_1_31' title='bbox 131 862 254 943; x_wconf 73' lang='grc' dir='ltr'><strong>νίζιται,</strong></span> <span class='ocrx_word' id='word_1_32' title='bbox 276 859 344 925; x_wconf 74' lang='grc' dir='ltr'><strong>ἀλλ’</strong></span> <span class='ocrx_word' id='word_1_33' title='bbox 365 859 453 926; x_wconf 69' lang='grc' dir='ltr'><strong>οὐδὲ</strong></span> <span class='ocrx_word' id='word_1_34' title='bbox 472 862 610 946; x_wconf 76' lang='grc' dir='ltr'><strong><em>περὶτῆς</em></strong></span> <span class='ocrx_word' id='word_1_35' title='bbox 623 865 681 925; x_wconf 77' lang='grc' dir='ltr'><strong>τοῦ</strong></span> <span class='ocrx_word' id='word_1_36' title='bbox 694 858 841 943; x_wconf 73' lang='grc' dir='ltr'><em>σώματος</em></span> <span class='ocrx_word' id='word_1_37' title='bbox 851 862 1018 947; x_wconf 76' lang='grc' dir='ltr'><strong><em>σωτηρίας.</em></strong></span> <span class='ocrx_word' id='word_1_38' title='bbox 1059 862 1177 956; x_wconf 80' lang='lat' dir='ltr'><strong>Atque</strong></span> 
     </span>
    </p>
   </div>
   <div class='ocr_carea' id='block_1_3' title="bbox 26 961 1183 1054">
    <p class='ocr_par' dir='ltr' id='par_1_3' title="bbox 26 961 1183 1054">
     <span class='ocr_line' id='line_1_6' title="bbox 26 961 1183 1054; baseline 0.003 -25"><span class='ocrx_word' id='word_1_39' title='bbox 26 984 30 999; x_wconf 75' lang='lat'>¹</span> <span class='ocrx_word' id='word_1_40' title='bbox 130 962 196 1030; x_wconf 88' lang='lat' dir='ltr'><strong>hoc</strong></span> <span class='ocrx_word' id='word_1_41' title='bbox 218 961 341 1028; x_wconf 75' lang='lat' dir='ltr'><strong>dixisse</strong></span> <span class='ocrx_word' id='word_1_42' title='bbox 367 987 446 1029; x_wconf 89' lang='lat' dir='ltr'><strong>enm</strong></span> <span class='ocrx_word' id='word_1_43' title='bbox 469 965 588 1054; x_wconf 86' lang='lat' dir='ltr'><strong>ntique</strong></span> <span class='ocrx_word' id='word_1_44' title='bbox 616 961 865 1044; x_wconf 83' lang='lat' dir='ltr'><strong>contenderim,</strong></span> <span class='ocrx_word' id='word_1_45' title='bbox 893 965 961 1030; x_wconf 85' lang='lat' dir='ltr'><strong>nisi</strong></span> <span class='ocrx_word' id='word_1_46' title='bbox 986 965 1183 1034; x_wconf 84' lang='lat' dir='ltr'><strong>Arrianum·</strong></span> 
     </span>
    </p>
   </div>
   <div class='ocr_carea' id='block_1_4' title="bbox 129 1065 1179 1472">
    <p class='ocr_par' dir='ltr' id='par_1_4' title="bbox 129 1065 1179 1472">
     <span class='ocr_line' id='line_1_7' title="bbox 130 1065 1179 1160; baseline 0.005 -27"><span class='ocrx_word' id='word_1_47' title='bbox 130 1068 168 1133; x_wconf 93' lang='lat' dir='ltr'><strong>in</strong></span> <span class='ocrx_word' id='word_1_48' title='bbox 191 1065 396 1160; x_wconf 78' lang='lat' dir='ltr'><strong>designando</strong></span> <span class='ocrx_word' id='word_1_49' title='bbox 426 1091 464 1132; x_wconf 84' lang='lat' dir='ltr'><strong>ex</strong></span> <span class='ocrx_word' id='word_1_50' title='bbox 489 1067 609 1134; x_wconf 86' lang='lat' dir='ltr'><strong>Atticis</strong></span> <span class='ocrx_word' id='word_1_51' title='bbox 636 1065 738 1133; x_wconf 67' lang='lat' dir='ltr'><strong>fastis⁴</strong></span> <span class='ocrx_word' id='word_1_52' title='bbox 756 1083 908 1159; x_wconf 87' lang='lat' dir='ltr'><strong>tempore</strong></span> <span class='ocrx_word' id='word_1_53' title='bbox 927 1070 1054 1135; x_wconf 91' lang='lat' dir='ltr'><strong>mortui</strong></span> <span class='ocrx_word' id='word_1_54' title='bbox 1075 1071 1179 1138; x_wconf 81' lang='lat' dir='ltr'><strong>Darii</strong></span> 
     </span>
     <span class='ocr_line' id='line_1_8' title="bbox 129 1168 1177 1261; baseline 0.005 -23"><span class='ocrx_word' id='word_1_55' title='bbox 129 1169 250 1238; x_wconf 80' lang='lat' dir='ltr'><strong>falsum</strong></span> <span class='ocrx_word' id='word_1_56' title='bbox 274 1168 593 1261; x_wconf 78' lang='lat' dir='ltr'><strong>negligentioremve</strong></span> <span class='ocrx_word' id='word_1_57' title='bbox 620 1168 723 1236; x_wconf 85' lang='lat' dir='ltr'><strong>fnisse</strong></span> <span class='ocrx_word' id='word_1_58' title='bbox 754 1172 974 1252; x_wconf 79' lang='lat' dir='ltr'><strong>concesseris,</strong></span> <span class='ocrx_word' id='word_1_59' title='bbox 1004 1191 1063 1241; x_wconf 87' lang='lat' dir='ltr'><strong>ant</strong></span> <span class='ocrx_word' id='word_1_60' title='bbox 1082 1198 1177 1243; x_wconf 88' lang='lat' dir='ltr'><strong>mor-</strong></span> 
     </span>
     <span class='ocr_line' id='line_1_9' title="bbox 130 1273 1174 1367; baseline 0.002 -23"><span class='ocrx_word' id='word_1_61' title='bbox 130 1293 201 1344; x_wconf 87' lang='lat' dir='ltr'><strong>tem</strong></span> <span class='ocrx_word' id='word_1_62' title='bbox 228 1275 324 1340; x_wconf 87' lang='lat' dir='ltr'><strong>Darii</strong></span> <span class='ocrx_word' id='word_1_63' title='bbox 352 1273 507 1340; x_wconf 88' lang='lat' dir='ltr'><strong>nondum</strong></span> <span class='ocrx_word' id='word_1_64' title='bbox 535 1291 626 1342; x_wconf 88' lang='lat' dir='ltr'><strong>certo</strong></span> <span class='ocrx_word' id='word_1_65' title='bbox 656 1291 862 1367; x_wconf 79' lang='lat' dir='ltr'><strong>compertam</strong></span> <span class='ocrx_word' id='word_1_66' title='bbox 888 1275 1030 1342; x_wconf 84' lang='lat' dir='ltr'><strong>Athenis</strong></span> <span class='ocrx_word' id='word_1_67' title='bbox 1057 1277 1174 1362; x_wconf 78' lang='lat' dir='ltr'><strong>fuisse,</strong></span> 
     </span>
     <span class='ocr_line' id='line_1_10' title="bbox 130 1377 1176 1472; baseline 0.004 -25"><span class='ocrx_word' id='word_1_68' title='bbox 130 1397 169 1447; x_wconf 86' lang='lat' dir='ltr'><strong>nt</strong></span> <span class='ocrx_word' id='word_1_69' title='bbox 190 1377 370 1446; x_wconf 82' lang='lat' dir='ltr'><strong>Aeschines</strong></span> <span class='ocrx_word' id='word_1_70' title='bbox 391 1377 530 1470; x_wconf 90' lang='lat' dir='ltr'><strong>publice</strong></span> <span class='ocrx_word' id='word_1_71' title='bbox 551 1396 680 1446; x_wconf 76' lang='lat' dir='ltr'><strong>oertnm</strong></span> <span class='ocrx_word' id='word_1_72' title='bbox 700 1403 763 1472; x_wconf 92' lang='lat' dir='ltr'><strong>pro</strong></span> <span class='ocrx_word' id='word_1_73' title='bbox 774 1380 904 1446; x_wconf 89' lang='lat' dir='ltr'><strong>incerto</strong></span> <span class='ocrx_word' id='word_1_74' title='bbox 925 1381 1080 1472; x_wconf 84' lang='lat' dir='ltr'><strong>proferre</strong></span> <span class='ocrx_word' id='word_1_75' title='bbox 1102 1408 1176 1450; x_wconf 88' lang='lat' dir='ltr'><strong>ma-</strong></span> 
     </span>
    </p>
   </div>
   <div class='ocr_carea' id='block_1_5' title="bbox 95 1480 1208 4186">
    <p class='ocr_par' dir='ltr' id='par_1_5' title="bbox 128 1480 1175 1788">
     <span class='ocr_line' id='line_1_11' title="bbox 129 1480 1175 1576; baseline 0.003 -26"><span class='ocrx_word' id='word_1_76' title='bbox 129 1483 243 1550; x_wconf 87' lang='lat' dir='ltr'><strong>luerit.</strong></span> <span class='ocrx_word' id='word_1_77' title='bbox 286 1482 374 1550; x_wconf 84' lang='lat' dir='ltr'><strong>Nam</strong></span> <span class='ocrx_word' id='word_1_78' title='bbox 384 1480 562 1559; x_wconf 84' lang='lat' dir='ltr'><strong>Aeschinis</strong></span> <span class='ocrx_word' id='word_1_79' title='bbox 582 1483 697 1549; x_wconf 82' lang='lat' dir='ltr'><strong>verba:</strong></span> <span class='ocrx_word' id='word_1_80' title='bbox 720 1480 738 1549; x_wconf 82' lang='grc' dir='ltr'><strong>ὅ</strong></span> <span class='ocrx_word' id='word_1_81' title='bbox 761 1483 1008 1572; x_wconf 58' lang='lat' dir='ltr'><strong>&amp;Mordere</strong></span> <span class='ocrx_word' id='word_1_82' title='bbox 1028 1486 1094 1565; x_wconf 74' lang='grc' dir='ltr'><strong>ἔξω</strong></span> <span class='ocrx_word' id='word_1_83' title='bbox 1114 1488 1175 1576; x_wconf 75' lang='grc' dir='ltr'><strong>τῆς</strong></span> 
     </span>
     <span class='ocr_line' id='line_1_12' title="bbox 128 1575 1175 1679; baseline 0 -24"><span class='ocrx_word' id='word_1_84' title='bbox 128 1575 245 1678; x_wconf 67' lang='lat' dir='ltr'><strong>dputes</strong></span> <span class='ocrx_word' id='word_1_85' title='bbox 266 1589 318 1653; x_wconf 72' lang='grc' dir='ltr'><strong>καὶ</strong></span> <span class='ocrx_word' id='word_1_86' title='bbox 337 1592 395 1672; x_wconf 79' lang='grc' dir='ltr'><strong>τῆς</strong></span> <span class='ocrx_word' id='word_1_87' title='bbox 416 1586 597 1672; x_wconf 66' lang='grc' dir='ltr'><strong><em>οἷκουμίνης</em></strong></span> <span class='ocrx_word' id='word_1_88' title='bbox 623 1585 730 1674; x_wconf 67' lang='grc' dir='ltr'><strong><em>ὀλίγον</em></strong></span> <span class='ocrx_word' id='word_1_89' title='bbox 757 1590 822 1654; x_wconf 77' lang='grc' dir='ltr'><strong>δεῖν</strong></span> <span class='ocrx_word' id='word_1_90' title='bbox 845 1587 950 1673; x_wconf 81' lang='grc' dir='ltr'><strong><em>πάσης</em></strong></span> <span class='ocrx_word' id='word_1_91' title='bbox 973 1592 1175 1679; x_wconf 57' lang='lat' dir='ltr'><strong>caducarius</strong></span> 
     </span>
     <span class='ocr_line' id='line_1_13' title="bbox 128 1688 1174 1788; baseline 0.005 -29"><span class='ocrx_word' id='word_1_92' title='bbox 128 1715 199 1761; x_wconf 86' lang='lat' dir='ltr'><strong>nou</strong></span> <span class='ocrx_word' id='word_1_93' title='bbox 218 1691 305 1758; x_wconf 89' lang='lat' dir='ltr'><strong>mihi</strong></span> <span class='ocrx_word' id='word_1_94' title='bbox 325 1690 511 1758; x_wconf 88' lang='lat' dir='ltr'><strong>necessario</strong></span> <span class='ocrx_word' id='word_1_95' title='bbox 544 1688 588 1756; x_wconf 87' lang='lat' dir='ltr'><strong>ad</strong></span> <span class='ocrx_word' id='word_1_96' title='bbox 609 1689 802 1784; x_wconf 76' lang='lat' dir='ltr'><strong>Scythicam</strong></span> <span class='ocrx_word' id='word_1_97' title='bbox 828 1691 1012 1759; x_wconf 83' lang='lat' dir='ltr'><strong>Alexandri</strong></span> <span class='ocrx_word' id='word_1_98' title='bbox 1033 1697 1174 1788; x_wconf 85' lang='lat' dir='ltr'><strong>expedi-</strong></span> 
     </span>
    </p>

    <p class='ocr_par' dir='ltr' id='par_1_6' title="bbox 127 1787 1205 2201">
     <span class='ocr_line' id='line_1_14' title="bbox 128 1787 1205 1892; baseline 0.001 -28"><span class='ocrx_word' id='word_1_99' title='bbox 128 1799 257 1865; x_wconf 85' lang='lat' dir='ltr'><strong>tionem</strong></span> <span class='ocrx_word' id='word_1_100' title='bbox 284 1792 460 1862; x_wconf 84' lang='lat' dir='ltr'><strong>referenda</strong></span> <span class='ocrx_word' id='word_1_101' title='bbox 488 1793 663 1876; x_wconf 85' lang='lat' dir='ltr'><strong>ridentur,</strong></span> <span class='ocrx_word' id='word_1_102' title='bbox 701 1819 787 1886; x_wconf 84' lang='lat' dir='ltr'><strong>quae</strong></span> <span class='ocrx_word' id='word_1_103' title='bbox 813 1803 893 1863; x_wconf 82' lang='lat' dir='ltr'><strong>sane</strong></span> <span class='ocrx_word' id='word_1_104' title='bbox 919 1794 1059 1865; x_wconf 89' lang='lat' dir='ltr'><strong>demum</strong></span> <span class='ocrx_word' id='word_1_105' title='bbox 1092 1816 1172 1892; x_wconf 76' lang='lat' dir='ltr'><strong>post</strong></span> <span class='ocrx_word' id='word_1_106' title='bbox 1202 1787 1205 1793; x_wconf 42' lang='lat'><strong>⁴</strong></span> 
     </span>
     <span class='ocr_line' id='line_1_15' title="bbox 129 1896 1171 1991; baseline 0.002 -21"><span class='ocrx_word' id='word_1_107' title='bbox 129 1904 257 1970; x_wconf 89' lang='lat' dir='ltr'><strong>obitum</strong></span> <span class='ocrx_word' id='word_1_108' title='bbox 278 1900 373 1966; x_wconf 89' lang='lat' dir='ltr'><strong>Darii</strong></span> <span class='ocrx_word' id='word_1_109' title='bbox 396 1916 547 1991; x_wconf 86' lang='lat' dir='ltr'><strong>suscepta</strong></span> <span class='ocrx_word' id='word_1_110' title='bbox 567 1916 630 1982; x_wconf 89' lang='lat' dir='ltr'><strong>est,</strong></span> <span class='ocrx_word' id='word_1_111' title='bbox 657 1896 718 1965; x_wconf 91' lang='lat' dir='ltr'><strong>sed</strong></span> <span class='ocrx_word' id='word_1_112' title='bbox 738 1917 880 1991; x_wconf 87' lang='lat' dir='ltr'><strong>possunt</strong></span> <span class='ocrx_word' id='word_1_113' title='bbox 899 1901 1002 1967; x_wconf 88' lang='lat' dir='ltr'><strong>etiam</strong></span> <span class='ocrx_word' id='word_1_114' title='bbox 1024 1902 1069 1968; x_wconf 90' lang='lat' dir='ltr'><strong>ad</strong></span> <span class='ocrx_word' id='word_1_115' title='bbox 1088 1903 1171 1971; x_wconf 84' lang='lat' dir='ltr'><strong>Ale-</strong></span> 
     </span>
     <span class='ocr_line' id='line_1_16' title="bbox 127 2002 1169 2097; baseline -0.011 -23"><span class='ocrx_word' id='word_1_116' title='bbox 127 2005 294 2074; x_wconf 82' lang='lat' dir='ltr'><strong>xandrum</strong></span> <span class='ocrx_word' id='word_1_117' title='bbox 315 2005 404 2070; x_wconf 86' lang='lat' dir='ltr'><strong>eirca</strong></span> <span class='ocrx_word' id='word_1_118' title='bbox 426 2002 587 2094; x_wconf 79' lang='lat' dir='ltr'><strong>Caspium</strong></span> <span class='ocrx_word' id='word_1_119' title='bbox 612 2025 705 2069; x_wconf 88' lang='lat' dir='ltr'><strong>mare</strong></span> <span class='ocrx_word' id='word_1_120' title='bbox 733 2004 1016 2097; x_wconf 83' lang='lat' dir='ltr'><strong>Parthianamquc</strong></span> <span class='ocrx_word' id='word_1_121' title='bbox 1034 2031 1169 2074; x_wconf 71' lang='lat' dir='ltr'><strong>vem.</strong></span> 
     </span>
     <span class='ocr_line' id='line_1_17' title="bbox 127 2108 1163 2201; baseline 0.001 -24"><span class='ocrx_word' id='word_1_122' title='bbox 127 2128 197 2177; x_wconf 90' lang='lat' dir='ltr'><strong>tem</strong></span> <span class='ocrx_word' id='word_1_123' title='bbox 228 2125 392 2201; x_wconf 90' lang='lat' dir='ltr'><strong>spectare,</strong></span> <span class='ocrx_word' id='word_1_124' title='bbox 421 2128 488 2199; x_wconf 89' lang='lat' dir='ltr'><strong>quo</strong></span> <span class='ocrx_word' id='word_1_125' title='bbox 510 2123 587 2200; x_wconf 85' lang='lat' dir='ltr'><strong>post</strong></span> <span class='ocrx_word' id='word_1_126' title='bbox 612 2108 787 2175; x_wconf 87' lang='lat' dir='ltr'><strong>victoriam</strong></span> <span class='ocrx_word' id='word_1_127' title='bbox 815 2108 859 2174; x_wconf 93' lang='lat' dir='ltr'><strong>ad</strong></span> <span class='ocrx_word' id='word_1_128' title='bbox 884 2109 1012 2176; x_wconf 88' lang='lat' dir='ltr'><strong>Arbela</strong></span> <span class='ocrx_word' id='word_1_129' title='bbox 1037 2127 1070 2178; x_wconf 87' lang='lat' dir='ltr'><strong>et</strong></span> <span class='ocrx_word' id='word_1_130' title='bbox 1094 2112 1163 2178; x_wconf 86' lang='lat' dir='ltr'><strong>iam</strong></span> 
     </span>
    </p>

    <p class='ocr_par' dir='ltr' id='par_1_7' title="bbox 127 2212 785 2305">
     <span class='ocr_line' id='line_1_18' title="bbox 127 2212 785 2305; baseline -0.002 -23"><span class='ocrx_word' id='word_1_131' title='bbox 127 2231 202 2282; x_wconf 85' lang='lat' dir='ltr'><strong>ante</strong></span> <span class='ocrx_word' id='word_1_132' title='bbox 223 2212 319 2280; x_wconf 90' lang='lat' dir='ltr'><strong>Darii</strong></span> <span class='ocrx_word' id='word_1_133' title='bbox 340 2227 483 2279; x_wconf 91' lang='lat' dir='ltr'><strong>mortem</strong></span> <span class='ocrx_word' id='word_1_134' title='bbox 503 2231 719 2305; x_wconf 86' lang='lat' dir='ltr'><strong>processerat.</strong></span> <span class='ocrx_word' id='word_1_135' title='bbox 782 2243 785 2247; x_wconf 92' lang='lat'>·</span> 
     </span>
    </p>

    <p class='ocr_par' dir='ltr' id='par_1_8' title="bbox 95 2315 1208 4186">
     <span class='ocr_line' id='line_1_19' title="bbox 136 2315 1186 2412; baseline 0.001 -28"><span class='ocrx_word' id='word_1_136' title='bbox 136 2358 139 2363; x_wconf 93' lang='lat'><em>-</em></span> <span class='ocrx_word' id='word_1_137' title='bbox 214 2315 316 2401; x_wconf 88' lang='lat' dir='ltr'><strong>Quod</strong></span> <span class='ocrx_word' id='word_1_138' title='bbox 337 2333 413 2385; x_wconf 90' lang='lat' dir='ltr'><strong>utut</strong></span> <span class='ocrx_word' id='word_1_139' title='bbox 434 2334 499 2399; x_wconf 85' lang='lat' dir='ltr'><strong>est,</strong></span> <span class='ocrx_word' id='word_1_140' title='bbox 520 2317 696 2386; x_wconf 86' lang='lat' dir='ltr'><strong>Aeschinis</strong></span> <span class='ocrx_word' id='word_1_141' title='bbox 719 2319 1024 2412; x_wconf 82' lang='lat' dir='ltr'><strong>Demosthenisque</strong></span> <span class='ocrx_word' id='word_1_142' title='bbox 1046 2317 1186 2390; x_wconf 34' lang='lat' dir='ltr'><strong>deco-1</strong></span> 
     </span>
     <span class='ocr_line' id='line_1_20' title="bbox 124 2420 1168 2518; baseline -0.001 -25"><span class='ocrx_word' id='word_1_143' title='bbox 124 2448 209 2493; x_wconf 84' lang='lat' dir='ltr'><strong>rona</strong></span> <span class='ocrx_word' id='word_1_144' title='bbox 231 2423 396 2491; x_wconf 89' lang='lat' dir='ltr'><strong>orationes</strong></span> <span class='ocrx_word' id='word_1_145' title='bbox 424 2420 562 2515; x_wconf 83' lang='lat' dir='ltr'><strong>Olymp.</strong></span> <span class='ocrx_word' id='word_1_146' title='bbox 595 2422 708 2505; x_wconf 87' lang='lat' dir='ltr'><strong>CXII,</strong></span> <span class='ocrx_word' id='word_1_147' title='bbox 737 2425 757 2492; x_wconf 77' lang='lat'>3</span> <span class='ocrx_word' id='word_1_148' title='bbox 779 2421 880 2514; x_wconf 90' lang='lat' dir='ltr'><strong>paulo</strong></span> <span class='ocrx_word' id='word_1_149' title='bbox 902 2441 979 2491; x_wconf 89' lang='lat' dir='ltr'><strong>ante</strong></span> <span class='ocrx_word' id='word_1_150' title='bbox 1001 2425 1168 2518; x_wconf 79' lang='lat' dir='ltr'><strong>Dionysia</strong></span> 
     </span>
     <span class='ocr_line' id='line_1_21' title="bbox 125 2525 1168 2623; baseline 0.001 -26"><span class='ocrx_word' id='word_1_151' title='bbox 125 2529 315 2623; x_wconf 79' lang='lat' dir='ltr'><strong>Pythiaque</strong></span> <span class='ocrx_word' id='word_1_152' title='bbox 352 2526 485 2593; x_wconf 89' lang='lat' dir='ltr'><strong>habitae</strong></span> <span class='ocrx_word' id='word_1_153' title='bbox 514 2545 606 2618; x_wconf 83' lang='lat' dir='ltr'><strong>sunt,</strong></span> <span class='ocrx_word' id='word_1_154' title='bbox 639 2525 895 2594; x_wconf 85' lang='lat' dir='ltr'><strong>Anthesterione</strong></span> <span class='ocrx_word' id='word_1_155' title='bbox 928 2546 1076 2598; x_wconf 84' lang='lat' dir='ltr'><strong>extremo</strong></span> <span class='ocrx_word' id='word_1_156' title='bbox 1110 2547 1168 2598; x_wconf 90' lang='lat' dir='ltr'><strong>aut</strong></span> 
     </span>
     <span class='ocr_line' id='line_1_22' title="bbox 124 2628 1165 2727; baseline 0.002 -27"><span class='ocrx_word' id='word_1_157' title='bbox 124 2637 263 2700; x_wconf 90' lang='lat' dir='ltr'><strong>ineunte</strong></span> <span class='ocrx_word' id='word_1_158' title='bbox 302 2628 580 2720; x_wconf 88' lang='lat' dir='ltr'><strong>Elaphebolione,</strong></span> <span class='ocrx_word' id='word_1_159' title='bbox 614 2629 733 2698; x_wconf 90' lang='lat' dir='ltr'><strong>eodem</strong></span> <span class='ocrx_word' id='word_1_160' title='bbox 766 2633 869 2722; x_wconf 85' lang='lat' dir='ltr'><strong>igitur</strong></span> <span class='ocrx_word' id='word_1_161' title='bbox 896 2650 1066 2725; x_wconf 87' lang='lat' dir='ltr'><strong>tempore,</strong></span> <span class='ocrx_word' id='word_1_162' title='bbox 1098 2656 1165 2727; x_wconf 88' lang='lat' dir='ltr'><strong>quo</strong></span> 
     </span>
     <span class='ocr_line' id='line_1_23' title="bbox 125 2735 1166 2827; baseline 0.001 -22"><span class='ocrx_word' id='word_1_163' title='bbox 125 2756 199 2805; x_wconf 90' lang='lat' dir='ltr'><strong>octo</strong></span> <span class='ocrx_word' id='word_1_164' title='bbox 222 2735 317 2801; x_wconf 91' lang='lat' dir='ltr'><strong>annis</strong></span> <span class='ocrx_word' id='word_1_165' title='bbox 346 2751 421 2799; x_wconf 86' lang='lat' dir='ltr'><strong>ante</strong></span> <span class='ocrx_word' id='word_1_166' title='bbox 451 2735 634 2801; x_wconf 85' lang='lat' dir='ltr'><strong>Aeschines</strong></span> <span class='ocrx_word' id='word_1_167' title='bbox 665 2736 891 2827; x_wconf 88' lang='lat' dir='ltr'><strong>Ctesiphontis</strong></span> <span class='ocrx_word' id='word_1_168' title='bbox 919 2739 1166 2806; x_wconf 85' lang='lat' dir='ltr'><strong>accusationem</strong></span> 
     </span>
     <span class='ocr_line' id='line_1_24' title="bbox 124 2835 1165 2933; baseline 0.003 -26"><span class='ocrx_word' id='word_1_169' title='bbox 124 2839 167 2907; x_wconf 91' lang='lat' dir='ltr'><strong>ad</strong></span> <span class='ocrx_word' id='word_1_170' title='bbox 202 2839 396 2906; x_wconf 86' lang='lat' dir='ltr'><strong>archontem</strong></span> <span class='ocrx_word' id='word_1_171' title='bbox 430 2835 602 2904; x_wconf 85' lang='lat' dir='ltr'><strong>detulerat.</strong></span> <span class='ocrx_word' id='word_1_172' title='bbox 663 2839 782 2933; x_wconf 85' lang='lat' dir='ltr'><strong>Neque</strong></span> <span class='ocrx_word' id='word_1_173' title='bbox 825 2839 1013 2932; x_wconf 87' lang='lat' dir='ltr'><strong>quidquam</strong></span> <span class='ocrx_word' id='word_1_174' title='bbox 1054 2842 1165 2911; x_wconf 89' lang='lat' dir='ltr'><strong>adhuc</strong></span> 
     </span>
     <span class='ocr_line' id='line_1_25' title="bbox 125 2941 1167 3039; baseline 0.005 -30"><span class='ocrx_word' id='word_1_175' title='bbox 125 2941 352 3039; x_wconf 88' lang='lat' dir='ltr'><strong>quaerendum</strong></span> <span class='ocrx_word' id='word_1_176' title='bbox 374 2959 485 3024; x_wconf 86' lang='lat' dir='ltr'><strong>restat,</strong></span> <span class='ocrx_word' id='word_1_177' title='bbox 509 2941 676 3034; x_wconf 87' lang='lat' dir='ltr'><strong>quamde</strong></span> <span class='ocrx_word' id='word_1_178' title='bbox 700 2943 857 3010; x_wconf 88' lang='lat' dir='ltr'><strong>diuturna</strong></span> <span class='ocrx_word' id='word_1_179' title='bbox 885 2943 946 3010; x_wconf 90' lang='lat' dir='ltr'><strong>illa</strong></span> <span class='ocrx_word' id='word_1_180' title='bbox 966 2944 1036 3012; x_wconf 85' lang='lat' dir='ltr'><strong>litis</strong></span> <span class='ocrx_word' id='word_1_181' title='bbox 1060 2950 1167 3017; x_wconf 76' lang='lat' dir='ltr'><strong>iuter-⁶</strong></span> 
     </span>
     <span class='ocr_line' id='line_1_26' title="bbox 122 3046 1208 3143; baseline 0.005 -27"><span class='ocrx_word' id='word_1_182' title='bbox 122 3051 291 3116; x_wconf 89' lang='lat' dir='ltr'><strong>missione.</strong></span> <span class='ocrx_word' id='word_1_183' title='bbox 341 3048 435 3131; x_wconf 88' lang='lat' dir='ltr'><strong>Quae</strong></span> <span class='ocrx_word' id='word_1_184' title='bbox 459 3047 649 3140; x_wconf 82' lang='lat' dir='ltr'><strong>explicari</strong></span> <span class='ocrx_word' id='word_1_185' title='bbox 666 3046 805 3140; x_wconf 80' lang='lat' dir='ltr'><strong>quidem</strong></span> <span class='ocrx_word' id='word_1_186' title='bbox 842 3047 1092 3139; x_wconf 83' lang='lat' dir='ltr'><strong>quodammodo</strong></span> <span class='ocrx_word' id='word_1_187' title='bbox 1124 3075 1178 3120; x_wconf 80' lang='lat' dir='ltr'><strong>eo·</strong></span> <span class='ocrx_word' id='word_1_188' title='bbox 1205 3137 1208 3143; x_wconf 18' lang='grc' dir='ltr'>Ι</span> 
     </span>
     <span class='ocr_line' id='line_1_27' title="bbox 122 3151 1164 3246; baseline 0.006 -28"><span class='ocrx_word' id='word_1_189' title='bbox 122 3154 270 3246; x_wconf 91' lang='lat' dir='ltr'><strong>primum</strong></span> <span class='ocrx_word' id='word_1_190' title='bbox 291 3169 417 3245; x_wconf 87' lang='lat' dir='ltr'><strong>potest,</strong></span> <span class='ocrx_word' id='word_1_191' title='bbox 449 3151 541 3245; x_wconf 90' lang='lat' dir='ltr'><strong>quod</strong></span> <span class='ocrx_word' id='word_1_192' title='bbox 570 3177 666 3219; x_wconf 88' lang='lat' dir='ltr'><strong>causa</strong></span> <span class='ocrx_word' id='word_1_193' title='bbox 696 3170 764 3219; x_wconf 88' lang='lat' dir='ltr'><strong>tam</strong></span> <span class='ocrx_word' id='word_1_194' title='bbox 791 3154 933 3242; x_wconf 90' lang='lat' dir='ltr'><strong>insignis</strong></span> <span class='ocrx_word' id='word_1_195' title='bbox 960 3153 1054 3220; x_wconf 91' lang='lat' dir='ltr'><strong>haud</strong></span> <span class='ocrx_word' id='word_1_196' title='bbox 1076 3155 1164 3224; x_wconf 84' lang='lat' dir='ltr'><strong>leves</strong></span> 
     </span>
     <span class='ocr_line' id='line_1_28' title="bbox 124 3254 1165 3352; baseline 0.006 -28"><span class='ocrx_word' id='word_1_197' title='bbox 124 3273 300 3350; x_wconf 89' lang='lat' dir='ltr'><strong>apparatus</strong></span> <span class='ocrx_word' id='word_1_198' title='bbox 329 3254 541 3339; x_wconf 86' lang='lat' dir='ltr'><strong>desiderarit,</strong></span> <span class='ocrx_word' id='word_1_199' title='bbox 571 3256 679 3324; x_wconf 90' lang='lat' dir='ltr'><strong>donec</strong></span> <span class='ocrx_word' id='word_1_200' title='bbox 707 3256 831 3324; x_wconf 74' lang='lat' dir='ltr'><strong>deferri</strong></span> <span class='ocrx_word' id='word_1_201' title='bbox 859 3255 902 3322; x_wconf 88' lang='lat' dir='ltr'><strong>ad</strong></span> <span class='ocrx_word' id='word_1_202' title='bbox 931 3256 1063 3327; x_wconf 91' lang='lat' dir='ltr'><strong>iudices</strong></span> <span class='ocrx_word' id='word_1_203' title='bbox 1084 3284 1165 3352; x_wconf 88' lang='lat' dir='ltr'><strong>pos-</strong></span> 
     </span>
     <span class='ocr_line' id='line_1_29' title="bbox 123 3357 1163 3455; baseline 0.002 -26"><span class='ocrx_word' id='word_1_204' title='bbox 123 3378 182 3429; x_wconf 88' lang='lat' dir='ltr'><strong>set.</strong></span> <span class='ocrx_word' id='word_1_205' title='bbox 234 3359 377 3427; x_wconf 85' lang='lat' dir='ltr'><strong>Gravior</strong></span> <span class='ocrx_word' id='word_1_206' title='bbox 413 3379 524 3428; x_wconf 87' lang='lat' dir='ltr'><strong>tamen</strong></span> <span class='ocrx_word' id='word_1_207' title='bbox 560 3365 599 3428; x_wconf 89' lang='lat' dir='ltr'><strong>in</strong></span> <span class='ocrx_word' id='word_1_208' title='bbox 623 3357 838 3455; x_wconf 19' lang='lat' dir='ltr'><strong>¹,temporibus</strong></span> <span class='ocrx_word' id='word_1_209' title='bbox 876 3363 1071 3454; x_wconf 75' lang='lat' dir='ltr'><strong>quaerenda</strong></span> <span class='ocrx_word' id='word_1_210' title='bbox 1105 3381 1163 3446; x_wconf 90' lang='lat' dir='ltr'><strong>est,</strong></span> 
     </span>
     <span class='ocr_line' id='line_1_30' title="bbox 122 3466 1202 3560; baseline 0.004 -29"><span class='ocrx_word' id='word_1_211' title='bbox 122 3489 207 3560; x_wconf 83' lang='lat' dir='ltr'><strong>quae</strong></span> <span class='ocrx_word' id='word_1_212' title='bbox 229 3466 414 3532; x_wconf 88' lang='lat' dir='ltr'><strong>institutam</strong></span> <span class='ocrx_word' id='word_1_213' title='bbox 436 3489 509 3531; x_wconf 90' lang='lat' dir='ltr'><strong>eam</strong></span> <span class='ocrx_word' id='word_1_214' title='bbox 531 3470 691 3534; x_wconf 90' lang='lat' dir='ltr'><strong>continuo</strong></span> <span class='ocrx_word' id='word_1_215' title='bbox 718 3467 891 3534; x_wconf 87' lang='lat' dir='ltr'><strong>subsecuta</strong></span> <span class='ocrx_word' id='word_1_216' title='bbox 912 3484 1000 3534; x_wconf 90' lang='lat' dir='ltr'><strong>sunt.</strong></span> <span class='ocrx_word' id='word_1_217' title='bbox 1046 3469 1164 3536; x_wconf 88' lang='lat' dir='ltr'><strong>Postu·</strong></span> <span class='ocrx_word' id='word_1_218' title='bbox 1199 3504 1202 3509; x_wconf 89' lang='lat'>·</span> 
     </span>
     <span class='ocr_line' id='line_1_31' title="bbox 121 3568 1161 3666; baseline 0.001 -29"><span class='ocrx_word' id='word_1_219' title='bbox 121 3570 200 3638; x_wconf 85' lang='lat' dir='ltr'><strong>lavit</strong></span> <span class='ocrx_word' id='word_1_220' title='bbox 230 3568 482 3661; x_wconf 88' lang='lat' dir='ltr'><strong>Ctesiphontem</strong></span> <span class='ocrx_word' id='word_1_221' title='bbox 518 3572 709 3637; x_wconf 87' lang='lat' dir='ltr'><strong>Aeschines·</strong></span> <span class='ocrx_word' id='word_1_222' title='bbox 739 3588 875 3637; x_wconf 84' lang='lat' dir='ltr'><strong>exeunte</strong></span> <span class='ocrx_word' id='word_1_223' title='bbox 904 3595 990 3638; x_wconf 91' lang='lat' dir='ltr'><strong>auno</strong></span> <span class='ocrx_word' id='word_1_224' title='bbox 1023 3571 1161 3666; x_wconf 84' lang='lat' dir='ltr'><strong>Olymp.</strong></span> 
     </span>
     <span class='ocr_line' id='line_1_32' title="bbox 95 3673 1163 3767; baseline 0.002 -25"><span class='ocrx_word' id='word_1_225' title='bbox 95 3759 97 3765; x_wconf 28' lang='grc' dir='ltr'>Ι</span> <span class='ocrx_word' id='word_1_226' title='bbox 124 3675 197 3760; x_wconf 85' lang='lat' dir='ltr'><strong>CX,</strong></span> <span class='ocrx_word' id='word_1_227' title='bbox 222 3674 251 3741; x_wconf 83' lang='grc'><strong>3.</strong></span> <span class='ocrx_word' id='word_1_228' title='bbox 296 3673 345 3739; x_wconf 87' lang='grc' dir='ltr'><strong>Εο</strong></span> <span class='ocrx_word' id='word_1_229' title='bbox 369 3690 518 3766; x_wconf 88' lang='lat' dir='ltr'><strong>tempore</strong></span> <span class='ocrx_word' id='word_1_230' title='bbox 541 3725 550 3754; x_wconf 93' lang='lat'><strong>,</strong></span> <span class='ocrx_word' id='word_1_231' title='bbox 575 3693 631 3740; x_wconf 89' lang='lat' dir='ltr'><strong>aut</strong></span> <span class='ocrx_word' id='word_1_232' title='bbox 651 3677 859 3767; x_wconf 86' lang='lat' dir='ltr'><strong>insequentis</strong></span> <span class='ocrx_word' id='word_1_233' title='bbox 882 3693 970 3741; x_wconf 85' lang='lat' dir='ltr'><strong>certe</strong></span> <span class='ocrx_word' id='word_1_234' title='bbox 994 3679 1075 3743; x_wconf 87' lang='lat' dir='ltr'><strong>anni</strong></span> <span class='ocrx_word' id='word_1_235' title='bbox 1097 3677 1163 3744; x_wconf 84' lang='lat' dir='ltr'><strong>ini·</strong></span> 
     </span>
     <span class='ocr_line' id='line_1_33' title="bbox 122 3778 1162 3872; baseline 0.001 -26"><span class='ocrx_word' id='word_1_236' title='bbox 122 3781 175 3848; x_wconf 89' lang='lat' dir='ltr'><strong>tio</strong></span> <span class='ocrx_word' id='word_1_237' title='bbox 192 3794 392 3846; x_wconf 87' lang='lat' dir='ltr'><strong>convocatae</strong></span> <span class='ocrx_word' id='word_1_238' title='bbox 413 3796 491 3844; x_wconf 88' lang='lat' dir='ltr'><strong>sunt</strong></span> <span class='ocrx_word' id='word_1_239' title='bbox 522 3778 722 3858; x_wconf 87' lang='lat' dir='ltr'><strong>Corinthum</strong></span> <span class='ocrx_word' id='word_1_240' title='bbox 760 3805 779 3844; x_wconf 89' lang='lat' dir='ltr'><strong>a</strong></span> <span class='ocrx_word' id='word_1_241' title='bbox 807 3778 966 3872; x_wconf 90' lang='lat' dir='ltr'><strong>Philippo</strong></span> <span class='ocrx_word' id='word_1_242' title='bbox 1002 3779 1162 3848; x_wconf 84' lang='lat' dir='ltr'><strong>Graeciae</strong></span> 
     </span>
     <span class='ocr_line' id='line_1_34' title="bbox 123 3878 1161 3952; baseline 0.001 -1"><span class='ocrx_word' id='word_1_243' title='bbox 123 3885 268 3952; x_wconf 85' lang='lat' dir='ltr'><strong>civitates</strong></span> <span class='ocrx_word' id='word_1_244' title='bbox 310 3878 352 3946; x_wconf 90' lang='lat' dir='ltr'><strong>ad</strong></span> <span class='ocrx_word' id='word_1_245' title='bbox 391 3880 519 3947; x_wconf 86' lang='lat' dir='ltr'><strong>bellum</strong></span> <span class='ocrx_word' id='word_1_246' title='bbox 552 3881 704 3950; x_wconf 85' lang='lat' dir='ltr'><strong>adversus</strong></span> <span class='ocrx_word' id='word_1_247' title='bbox 742 3885 855 3949; x_wconf 83' lang='lat' dir='ltr'><strong>Persas</strong></span> <span class='ocrx_word' id='word_1_248' title='bbox 898 3881 1161 3952; x_wconf 79' lang='lat' dir='ltr'><strong>decernendum.</strong></span> 
     </span>
     <span class='ocr_line' id='line_1_35' title="bbox 122 3984 1164 4080; baseline 0 -25"><span class='ocrx_word' id='word_1_249' title='bbox 122 3987 225 4057; x_wconf 90' lang='lat' dir='ltr'><strong>Diod.</strong></span> <span class='ocrx_word' id='word_1_250' title='bbox 253 3984 288 4054; x_wconf 88' lang='lat' dir='ltr'><strong>S.</strong></span> <span class='ocrx_word' id='word_1_251' title='bbox 317 3984 409 4054; x_wconf 84' lang='lat' dir='ltr'><strong>XVI.</strong></span> <span class='ocrx_word' id='word_1_252' title='bbox 437 3990 500 4076; x_wconf 71' lang='lat'><strong>89.&#39;</strong></span> <span class='ocrx_word' id='word_1_253' title='bbox 541 3986 678 4080; x_wconf 83' lang='lat' dir='ltr'><strong>Olymp.</strong></span> <span class='ocrx_word' id='word_1_254' title='bbox 715 3988 793 4057; x_wconf 85' lang='lat' dir='ltr'><strong>CXI</strong></span> <span class='ocrx_word' id='word_1_255' title='bbox 801 4038 812 4070; x_wconf 93' lang='lat'><strong>,</strong></span> <span class='ocrx_word' id='word_1_256' title='bbox 844 4011 856 4054; x_wconf 92' lang='lat'>1</span> <span class='ocrx_word' id='word_1_257' title='bbox 890 3989 1093 4073; x_wconf 68' lang='lat' dir='ltr'><strong>subsecutus⁸</strong></span> <span class='ocrx_word' id='word_1_258' title='bbox 1117 4004 1164 4056; x_wconf 87' lang='lat' dir='ltr'><strong>est</strong></span> 
     </span>
     <span class='ocr_line' id='line_1_36' title="bbox 121 4074 1164 4186; baseline -0.003 -22"><span class='ocrx_word' id='word_1_259' title='bbox 121 4092 232 4166; x_wconf 82' lang='lat' dir='ltr'><strong>obitus</strong></span> <span class='ocrx_word' id='word_1_260' title='bbox 248 4074 413 4186; x_wconf 66' lang='lat' dir='ltr'><strong>Philippi,</strong></span> <span class='ocrx_word' id='word_1_261' title='bbox 435 4088 684 4183; x_wconf 81' lang='lat' dir='ltr'><strong>Alexandrique</strong></span> <span class='ocrx_word' id='word_1_262' title='bbox 706 4092 744 4160; x_wconf 90' lang='lat' dir='ltr'><strong>in</strong></span> <span class='ocrx_word' id='word_1_263' title='bbox 764 4113 869 4185; x_wconf 84' lang='lat' dir='ltr'><strong>regno</strong></span> <span class='ocrx_word' id='word_1_264' title='bbox 881 4095 1060 4181; x_wconf 84' lang='lat' dir='ltr'><strong>successio,</strong></span> <span class='ocrx_word' id='word_1_265' title='bbox 1082 4092 1164 4164; x_wconf 83' lang='lat' dir='ltr'><strong>iude</strong></span> 
     </span>
    </p>
   </div>
   <div class='ocr_carea' id='block_1_6' title="bbox 0 0 1302 4672">
    <p class='ocr_par' dir='ltr' id='par_1_9' title="bbox 0 0 1302 4672">
     <span class='ocr_line' id='line_1_37' title="bbox 0 0 1302 4672; baseline 0 3"><span class='ocrx_word' id='word_1_266' title='bbox 0 0 1302 4672; x_wconf 95' lang='lat' dir='ltr'><strong> </strong></span> 
     </span>
    </p>
   </div>
  </div>
 </body>
</html>
