2594 4672
592 265 593 268 Ὗ
636 280 794 387 ..νιν

197 436 363 542 appositas
393 471 461 514 csse
490 463 749 516 consentaneum
772 457 844 527 est,
874 463 911 514 ut
940 445 1127 540 Ctesiphon
1154 444 1248 541 Pyt-²

198 553 368 645 nepsionis
396 553 464 618 iam
491 551 591 618 XXII
613 575 676 646 pro
706 551 898 619 absoluto
929 552 1089 644 egregie
1112 574 1265 645 opere¹

197 657 330 743 (Aesch.
364 656 402 723 in
424 656 512 724 Ctes.
533 679 569 747 p.
586 657 634 746 87
658 664 753 740 extr.)
783 652 1011 724 coronandum
1040 655 1242 724 Demosthe-

189 742 279 828 ⁶nem
300 761 439 828 omnino
462 782 653 852 proponere
673 779 802 852 posset,
823 757 977 827 nondum
998 775 1113 825 tamen
1136 757 1243 853 depu-
1271 809 1276 820 .

198 868 261 933 sito
285 889 304 930 a
325 859 551 932 Demosthene
572 887 722 946 munere,
744 862 890 931 necdum
911 860 1025 929 relatis
1041 864 1242 948 rationibus,

200 993 287 1062 quae
314 994 358 1038 ne
388 968 511 1035 relatae
539 967 691 1060 quidem*
708 969 750 1034 ab
781 992 820 1035 eo
850 984 945 1033 erant
972 966 1244 1059 ElaphchoIIone

198 1074 263 1154 VI,
296 1096 402 1166 quum
428 1073 610 1139 Aeschines
641 1096 772 1139 causam
800 1074 837 1137 in
869 1071 1123 1163 Ctesiphontem
1145 1075 1245 1141 insti·

200 1179 314 1246 tuebat
333 1177 411 1261 (ἔστι
422 1178 456 1243 δὲ
465 1176 677 1263 Λημοσθένης
690 1175 876 1261 τειχοποιόςι
890 1174 1010 1242 Aesch.
1026 1177 1064 1242 in
1076 1185 1244 1263 accusat),

201 1279 295 1375 quod
316 1280 511 1349 referendae
532 1280 623 1349 haud
645 1281 747 1348 dubie
778 1298 873 1375 erant
908 1302 996 1347 anno
1026 1277 1166 1348 demum
1189 1306 1245 1350 ex·

142 1383 144 1387 ’
201 1404 310 1454 eunte.
1177 1450 1180 1455 4

289 1488 456 1556 Omnibus
479 1490 583 1580 igitur
606 1490 736 1581 egregie
755 1487 1044 1556 consentientibus·
1059 1497 1168 1556 unum
1190 1514 1246 1558 re·

200 1594 334 1686 liquum
356 1578 420 1678 est,
448 1593 541 1687 quod
563 1592 732 1687 explorato
755 1609 945 1683 temporum
967 1589 1081 1660 ordini
1101 1596 1244 1664 omnino

199 1721 389 1792 repugnare
426 1697 586 1765 videatur.
642 1697 729 1764 Nam
763 1695 908 1788 Olymp.
944 1696 1021 1778 CX,
1059 1719 1096 1767 τι
1126 1714 1251 1767 mense

199 1800 424 1896 Thargelionc
446 1803 607 1885 XXVIII,
631 1824 698 1895 quo
722 1823 761 1867 ex
790 1797 924 1866 calculis
949 1798 1053 1868 modo
1083 1803 1246 1893 expositis

198 1905 440 1973 Demosthenes
467 1903 576 1996 legem
605 1904 685 1972 tulit
712 1905 754 1970 de
777 1903 930 1971 creandis
951 1906 1126 1971 moenium
1147 1930 1244 1974 cura-

199 2010 336 2090 toribus,
359 2006 610 2100 Lysimachides
641 2006 749 2074 adhuc
771 2032 956 2101 cponymus
982 2007 1063 2091 fuit,
1093 2010 1146 2076 cni
1168 2009 1241 2077 He-

199 2118 434 2181 catombaeone
460 2112 598 2180 demum
621 2110 758 2204 Olymp.
783 2111 863 2195 CX,
887 2113 917 2181 '3
948 2114 1106 2206 successit
1121 2111 1238 2178 'Chae-

73 2253 75 2260 ‘
198 2216 337 2300 rondas,
368 2214 464 2284 clade
487 2207 714 2286 Chaeronensi
741 2216 944 2284 nobilitatus.
991 2218 1039 2284 At
1059 2216 1240 2284 Aeschines

199 2321 390 2393 clarissimis
424 2322 549 2390 verbis:
592 2323 652 2390 ἐπὶ
689 2320 930 2409 Χαιρώνδου
969 2321 1140 2415 ἄρχοντας’,
1185 2322 1243 2402 ait,

129 2430 131 2432 ’
201 2429 423 2515 Θαργηλιῶνος
450 2425 550 2514 μηνὸς
580 2424 709 2517 δευτέρᾳ
737 2428 908 2515 φθίνοντος
923 2425 1055 2514 ,ἔγραψε
1089 2424 1245 2514 ψήφισμα

166 2585 168 2589 ,
197 2530 423 2617 Δημοσθένης,
458 2529 578 2618 decedo
608 2536 738 2615 ποιῆσαι
765 2535 828 2596 τῶν
855 2535 962 2618 φυλῶν
991 2535 1245 2619 Σκιροφοριῶνος

198 2636 327 2725 danico
348 2622 516 2717 ἱσταμένου
543 2635 594 2701 καί
623 2634 732 2722 τρίτῃ,
762 2635 813 2700 καὶ
840 2634 983 2712 ἐπέταξεν
1011 2637 1051 2724 ἓν,
1069 2641 1116 2724 τῷ
1137 2637 1245 2723 ψηφί-

197 2763 293 2822 σματι
319 2733 451 2822 ἑκάστης
487 2743 551 2803 τῶν
575 2743 683 2826 φυλῶν
709 2736 836 2804 ἑλέσθαι
864 2736 941 2815 τοὺς
970 2737 1245 2825 ίαιμεληθησομέ-

195 2864 270 2918 νοος
290 2847 353 2907 τῶν
374 2839 471 2929 ἔργον
493 2841 542 2906 ἐπὶ
563 2840 605 2907 τὰ
624 2841 710 2926 τείχη
738 2844 789 2908 καὶ
814 2844 930 2926 ταμίας
956 2845 1007 2926 (in
1030 2842 1119 2910 Ctes.
1141 2868 1176 2935 p.
1200 2846 1243 2934 57

196 2952 301 3030 extr).
347 2946 440 3028 Quae
463 2945 522 3037 qui
544 2944 800 3012 Atheniensium
822 2945 996 3028 audiebat,
1018 2969 1090 3014 non
1111 2962 1244 3040 poterat

194 3072 267 3118 non
289 3048 332 3116 de
354 3071 521 3141 eponymo
546 3048 685 3144 Olymp.
710 3049 792 3130 CX,
821 3051 858 3130 3,
891 3048 988 3116 clade
1012 3051 1245 3119 Chaeroneusi

195 3152 434 3244 celeberrimo,
464 3155 628 3249 cogitare,
659 3177 736 3247 ergo
763 3177 875 3247 neque
902 3177 977 3221 rem
1002 3153 1142 3248 OIymp.
1168 3156 1243 3237 CX,

195 3264 320 3325 τοττι.
350 3258 471 3326 factam
496 3258 643 3352 opinari,
675 3259 735 3326 sed
751 3261 895 3348 ¹omnino
927 3257 1154 3350 Thargelione
1186 3257 1242 3326 Ol.

122 3381 130 3387 ·
195 3360 268 3446 CX,
296 3362 327 3430 3.
373 3361 588 3431 Chaerondas
612 3363 716 3454 igitur
739 3365 801 3432 iste
821 3363 1115 3454 Aeschiueusnon
1131 3379 1242 3456 potest

110 3550 112 3553 ι
192 3462 489 3560 pseudoponymus
511 3489 591 3533 esse.
636 3464 757 3561 Neque
785 3463 878 3535 enim
900 3492 941 3536 ex
961 3467 1239 3561 pseudcponymo
1275 3481 1278 3486 '

142 3600 145 3605 ·
193 3569 377 3639 Aeschines
405 3567 548 3637 definire
576 3588 708 3664 poterat
735 3590 865 3666 tempus
894 3573 1039 3665 suscepti
1057 3599 1087 3638 a
1105 3574 1250 3657 Demo«.

193 3676 311 3746 sthene
345 3681 520 3757 τειχοποιοῦ
553 3676 704 3742 muneris
732 3677 809 3758 hic,
845 3676 906 3744 ubi
939 3675 1241 3747 demonstrandum

192 3787 280 3862 erat,
326 3775 439 3846 medio
478 3778 726 3851 'Demosthenis
768 3782 963 3872 magistratu
1010 3781 1240 3875 Ctesiphontis

190 3887 303 3980 Iegem
333 3889 484 3973 rogatam
514 3905 594 3950 esse.
640 3883 693 3963 Iu
709 3908 812 3977 quem
838 3885 944 3954 finem
966 3911 1073 3982 quum
1094 3889 1240 3955 recitare

175 3991 290 4088 ¹etiam
310 3984 498 4056 Aeschines
513 3985 791 4075 scriboniuheat
810 3991 921 4082 ipsum
941 3990 1029 4060 illud
1040 3992 1240 4061 Demosthe·

189 4096 245 4169 nir
264 4091 446 4167 ἀνήκοι
455 4090 504 4163 de
522 4086 678 4165 meando
695 4095 871 4167 moenium
884 4097 1097 4168 curatoribus
1111 4098 1238 4194 ipsam-
