2594 4672
615 220 846 346 ‘„'

194 447 317 548 septos
340 472 374 516 se
403 449 470 513 iam
500 447 737 541 persentirent,
767 445 934 538 indignati
962 445 1123 514 continuo
1146 468 1239 541 arma

131 627 136 639 ,
192 579 343 636 movere,
381 550 589 645 bellicasque
617 569 792 644 apparatus
825 553 991 617 instruere
1020 547 1241 620 decreverim
1268 590 1272 598 ·

74 730 77 733 .
195 689 232 730 ex
254 660 388 726 decreto
413 655 647 736 Callisthenis,
677 654 769 746 quod
791 671 889 721 exstat
917 656 954 720 in
976 675 1024 720 or.
1048 652 1090 718 de
1114 676 1182 722 cor.
1203 681 1241 749 p.

195 767 269 834 238.
297 763 340 828 V.
353 761 451 827 Dem.
466 759 487 824 l.
503 784 531 826 c.
548 785 581 851 p.
602 761 676 841 360,
698 759 772 840 368,
795 760 870 848 379,
892 759 965 827 380.
996 757 1113 824 Aeseh.
1129 784 1162 825 π.
1177 786 1255 827 uo«

195 892 289 961 paup.
304 891 338 957 p.
350 864 394 949 46
408 888 456 955 sq.
464 863 493 953 *)
529 864 603 945 Qua
618 863 661 930 de
675 879 771 928 eausa
785 860 964 955 Philippus
977 862 1080 928 missa
1092 862 1241 932 Athenas

196 967 336 1062 epistola
350 991 395 1033 ne
411 991 530 1060 pacem
543 965 644 1035 modo
667 967 884 1057 compositam
899 964 1034 1035 turbare
1054 987 1242 1059 restareque

197 1062 426 1171 instituerent,
449 1071 670 1138 Athenienses
701 1069 877 1137 admonuit
906 1064 965 1158 (de
994 1090 1062 1136 eor.
1092 1092 1129 1160 p.
1150 1069 1238 1158 239).

127 1180 130 1189 '
197 1177 328 1242 Interea
350 1194 529 1243 convocato
551 1176 840 1269 Amphictyonum
868 1171 1029 1255 concilio,
1057 1189 1096 1240 ut
1127 1169 1167 1241 de
1185 1195 1240 1240 re-

198 1278 293 1374 liqua
331 1279 556 1346 Phocensium
591 1279 725 1358 fortuna
760 1276 933 1363 iudicaret,
957 1275 1241 1370 discerneretqne,

84 1422 86 1426 ,
196 1401 394 1475 potestatem
416 1382 504 1451 fecit
550 1384 604 1450 Ab
626 1384 692 1452 hoc
721 1384 827 1476 igitur
852 1383 977 1451 sactum
998 1397 1047 1446 est
1068 1379 1278 1472 decretum,

197 1486 289 1556 illud
321 1487 550 1579 Phocensibus
577 1488 762 1571 exitiosum,
794 1485 888 1579 quod
914 1484 1086 1553 Demosth.
1115 1513 1150 1555 π.
1177 1512 1245 1556 ποι·Ι

199 1617 293 1681 paup.
323 1614 358 1683 p.
388 1590 451 1658 360
489 1594 584 1673 citat,
615 1610 653 1660 et·
669 1593 764 1658 euius
786 1587 918 1682 singula
939 1604 1135 1683 argumenta
1158 1587 1245 1658 Dio-

199 1693 301 1763 dorus
323 1693 418 1762 affert
442 1693 539 1777 XVI,
567 1697 620 1764 60.
665 1697 716 1763 Ex
742 1695 808 1762 hoc
841 1695 934 1760 enim
954 1692 1247 1786 Amphictyonum
1289 1690 1292 1694 ’

199 1797 333 1870 decreto
356 1798 457 1865 urbes
479 1799 517 1863 in
538 1796 688 1867 Phocide
711 1820 825 1868 omnes
848 1797 979 1868 dirutae
985 1797 1055 1889 ,**)
1076 1798 1145 1891 ipsi
1155 1797 1245 1868 Pho·

244 2130 272 2217 *)
304 2133 338 2194 In
357 2133 410 2195 his
432 2128 567 2206 omnihus
587 2133 744 2197 Aeschines
770 2137 824 2195 etsi
846 2132 968 2197 discedit
993 2119 1124 2219 paullum
1144 2155 1163 2196 a
1180 2132 1246 2197 De-

288 2221 443 2281 mosthenis
460 2223 632 2300 narratione,
656 2219 768 2305 quippe
791 2225 845 2304 qui
867 2223 945 2283 omni
967 2244 997 2282 se
1020 2222 1139 2282 abluere
1161 2220 1245 2304 culpa

176 2364 183 2374 ,
230 2343 232 2361 .
287 2307 416 2384 studeat,
444 2304 634 2391 Athenienses
664 2324 756 2368 tamen
779 2309 918 2393 Philippo
945 2309 1068 2369 confisos
1098 2323 1128 2368 et
1159 2305 1247 2369 deee-

230 2422 233 2429 ’
285 2411 354 2479 ptos
387 2393 423 2454 ab
453 2414 489 2454 eo
524 2416 606 2473 esse,
638 2396 798 2457 luculenter
821 2398 884 2478 ipse
906 2397 1062 2457 confirmat.
1106 2393 1149 2454 Ita
1171 2396 1248 2456 enim

286 2498 348 2542 tum
376 2481 516 2564 temporis
544 2482 634 2543 fuisse
663 2484 781 2544 affectos
810 2505 860 2543 eos
886 2483 993 2560 refert,
1019 2495 1053 2543 ut
1084 2481 1123 2542 ad
1145 2480 1246 2563 depri-

287 2568 410 2630 mendos
431 2569 520 2650 magis
540 2568 711 2645 Thebanos,
741 2591 828 2652 quam
862 2568 901 2630 ad
922 2567 1146 2652 exstinguendos
1167 2567 1247 2629 Pho·
1275 2581 1283 2590 ‘

168 2699 170 2703 1
288 2675 386 2726 censes
417 2652 551 2713 advenire
582 2655 750 2738 Philippum
786 2658 973 2738 speraverint.
1025 2657 1132 2739 Neque
1171 2675 1247 2737 spes,

288 2742 337 2816 ait,
360 2738 513 2800 fefellisset¹
528 2761 588 2817 eos,
611 2742 666 2813 nisi¹
688 2764 762 2825 quae
781 2740 957 2819 debuissent,
978 2742 1034 2826 ipsi
1056 2742 1248 2824 neglexissent

288 2826 392 2886 lacere.
445 2825 527 2908 lpsos
562 2823 641 2888 enim
670 2828 800 2911 Philippi
829 2829 979 2892 familiares
1014 2831 1043 2889 iu
1074 2827 1248 2890 Macedonia

288 2915 438 2974 affirmasse
468 2914 568 2996 legatis
590 2915 819 2994 Atheniensium,
850 2917 1018 2999 Philippum
1039 2914 1128 2976 nrbes
1150 2916 1249 2975 Boeo-

188 3035 190 3040 ·
289 3002 358 3060 tiras
381 3002 602 3062 instauraturum
625 3023 703 3076 esse3
726 3003 881 3062 Thebanos
904 3025 991 3078 vero,
1014 3025 1106 3085 quum
1127 3001 1167 3062 ad
1187 3003 1250 3084 Py-

288 3088 330 3148 las
352 3085 548 3148 descendisset
570 3088 733 3172 Philippus,
756 3087 918 3149 diffidentes
948 3087 1038 3150 etde
1068 3111 1167 3150 rerum
1189 3088 1250 3149 dis-

289 3175 405 3237 crimine
429 3173 574 3253 sollieitos,
597 3198 664 3235 cum
685 3176 768 3236 armis
790 3176 921 3258 egressos
944 3197 1021 3251 esse;
1050 3175 1134 3260 quod
1157 3196 1249 3259 mum
1276 3238 1279 3243 ,

289 3259 406 3320 vidisset
434 3261 604 3344 Philippus,
631 3265 711 3346 ipsos
733 3278 765 3321 ut
786 3265 816 3321 in
844 3261 1003 3325 Phocidem
1030 3257 1265 3346 egrederentur,

288 3348 477 3408 Athenienses
508 3349 633 3429 epistola
660 3371 841 3430 provocasse.
884 3348 946 3410 Sed
974 3372 1066 3433 quum
1093 3348 1250 3432 deceptin

289 3435 486 3494 Demosthene
509 3435 631 3518 aliisque
654 3436 732 3496 domi
754 3438 918 3496 maluissent
943 3444 1074 3515 meruere,
1102 3438 1250 3518 peruicio-

291 3543 350 3580 sam
380 3522 461 3580 istam
494 3543 592 3581 rerum
614 3525 838 3593 ¹conversionem
867 3527 946 3607 ipsos
974 3524 1030 3585 sibi
1066 3524 1250 3586 accelerasse.

290 3607 394 3669 Aesch.
416 3631 449 3668 π.
472 3627 611 3690 παραπρ.
635 3633 665 3692 p.
688 3608 741 3680 46.
787 3610 835 3670 Cf.
857 3633 889 3692 p.
911 3609 964 3680 43.
987 3610 1009 3670 f.

245 3723 284 3814 “)
312 3730 398 3789 Dem.
427 3751 459 3790 π.
483 3749 621 3810 παραπρ.
644 3752 675 3814 p.
700 3730 762 3792 385
789 3731 853 3791 τῶν
886 3727 1021 3792 Φωκέων
1038 3712 1151 3814 ἄρδην
1180 3726 1250 3794 dta-

287 3816 378 3898 θρος,
402 3813 453 3876 καὶ
476 3810 557 3876 ὅλων
578 3816 642 3876 τῶν
663 3817 772 3895 τειχῶν
792 3814 843 3878 καὶ
864 3817 928 3879 τῶν
946 3810 1066 3880 πόλεων
1082 3813 1250 3901 ἀναίρεσις.

288 3903 458 3963 Aeeuratius
471 3903 591 3963 Pausan.
607 3901 648 3979 X,
671 3903 781 3964 ednas
810 3920 839 3964 et
860 3906 960 3987 viginti
982 3905 1071 3967 urbes
1094 3921 1252 3981 enumerat,

289 3987 496 4138 iiaVIutGAbis
524 3989 591 4050 solis
613 3991 754 4074 parcitum
783 3993 827 4052 sit.
873 3993 921 4053 Cf.
943 3993 1072 4056 Wessel.
1100 3993 1137 4053 ud
1160 3992 1251 4054 Diod.

366 4119 375 4154 ,
420 4095 450 4136 0.
