2594 4672
566 248 714 356 gog-

122 421 431 504 sthenis'consiliis,
455 435 620 503 oratores,
643 423 702 513 qui
724 419 872 489 adversas
900 423 938 489 iu
958 443 995 487 re
1016 420 1156 513 publiea

122 516 268 620 gerenda
299 542 408 619 partes
436 525 654 607 sustinebant,
688 525 848 616 optimam
878 525 1008 617 copiam
1031 525 1074 591 ad
1096 525 1155 590 de-

123 629 339 723 primendum
362 654 439 696 eum
460 633 573 710 neotos
595 653 629 694 se
652 652 720 694 esse
735 629 989 699 arbitrabantur
1016 629 1156 710 Factum

124 737 225 828 igitur
257 752 324 815 est,
356 751 394 800 ut
418 731 598 801 multorum
621 750 692 798 tum
714 751 825 799 orator
846 733 1000 825 flagraret
1020 731 1156 815 invidie,

126 856 162 905 et
190 863 312 906 nomen
343 841 414 905 eius
439 839 549 931 primo
578 835 773 928 praesertim
798 853 889 928 post
896 836 1027 902 cladem
1050 836 1159 915 Chae-

116 938 301 1010 ronensem
323 949 472 1035 tempore
495 941 646 1034 quotidie
667 940 736 1007 fere
759 937 801 1006 ad
822 940 948 1026 iudices
964 939 1160 1035 deferretur.

124 1045 193 1116 Sed
219 1047 365 1138 populus
385 1047 582 1112 meritorum
604 1047 672 1113 eius
693 1041 814 1110 haud
799 1068 980 1112 immemor
1002 1045 1043 1110 ab
1066 1045 1159 1112 omni

123 1152 346 1241 improbitatis
372 1147 447 1214 labe
475 1150 600 1240 ubique
634 1174 710 1216 eum
743 1149 890 1217 absolvit.
932 1150 1039 1219 ,Inter
1076 1148 1160 1215 haec

126 1272 238 1321 autem
263 1252 369 1318 latum
399 1277 418 1316 a
449 1250 667 1342 Ctesiphonte
694 1252 875 1319 decretum
896 1277 964 1319 esse
990 1254 1062 1344 ipse
1091 1253 1162 1325 De-

125 1357 313 1425 mosthenes
342 1350 435 1419 haud
456 1356 622 1447 ambigue
630 1356 766 1425 indicet.
812 1356 980 1425 Continuo
1001 1372 1077 1447 post
1096 1380 1162 1448 pu-

101 1458 229 1555 xgnam
259 1459 549 1542 Chaeronensem,
582 1462 627 1527 ait
656 1472 713 1553 (p.
737 1469 835 1550 309),
873 1486 908 1527 ex
930 1461 998 1527 suis
1021 1458 1177 1527 decretis

128 1568 278 1635 instituta
298 1565 388 1632 urhis
411 1582 460 1634 est
481 1564 642 1648 custodie,
666 1565 816 1632 decretae
837 1582 913 1631 sunt
927 1563 1040 1646 fossae,
1062 1560 1164 1630 desti-

129 1689 206 1738 nata
232 1672 338 1736 muris
368 1669 558 1738 reficiendis
584 1673 743 1763 pecunia:
782 1662 878 1736 ἔπειθ’
905 1669 1086 1757 αἱρούμενος
1114 1694 1163 1735 σι·

129 1773 232 1862 τῶνην
260 1775 292 1842 ἐκ
323 1774 449 1842 πόντων
482 1776 535 1860 ἐμὲ
565 1775 792 1863 ἐχειροτόνησεν
819 1771 840 1839 Υδ
871 1776 978 1858 δῆμος.
1006 1776 1057 1839 καὶ
1084 1773 1163 1858 μετδι
1272 1793 1273 1796 ’

130 1887 230 1947 ταῦτα
252 1878 445 1963 συστάντων,
476 1875 523 1956 οἷς
542 1876 581 1964 ἦν
613 1880 750 1964 ἐπιμελὲς
775 1885 875 1955 κακῶς
903 1879 955 1962 ἐμὲ
975 1887 1089 1959 ποιεῖν,
1113 1879 1165 1943 καί

129 1983 254 2074 γραφάς
260 2035 271 2067 ,
307 1983 455 2065 εόθόνας,
495 1985 691 2070 είςαγγιλίοις,
733 1980 839 2074 πόντοι
869 1985 954 2049 ταῦτ’
990 1981 1166 2068 ἐπαγόντων

131 2088 316 2171 μοι-ίίιτε
337 2087 397 2174 γδιρ
414 2087 453 2171 δη
474 2113 535 2152 πον
553 2090 602 2153 καὶ
615 2088 788 2173 μέμνησθε,
813 2085 862 2154 ότι
883 2086 972 2163 τοὺς
993 2085 1164 2174 πρώτους

129 2192 294 2278 χρόνους
323 2195 396 2255 καθ’
425 2188 556 2275 ἑκάστην
586 2191 696 2274 σχεδόν
724 2216 754 2255 τι
774 2188 894 2276 ἡμέραν
923 2189 1085 2276 ἐκρινόμην
1106 2192 1167 2277 ἐγὼ

133 2333 178 2346 --
199 2296 231 2360 ἓν
262 2295 366 2359 τοίνυν
394 2290 515 2368 τοότοις
541 2300 616 2359 πᾶσι
642 2292 778 2376 μάλιστα
806 2294 863 2375 μὲν
891 2291 942 2357 διδι
965 2293 1038 2370 τοὺς
1059 2294 1164 2376 θεούς,

134 2395 277 2483 δεότερον
305 2397 339 2461 δὲ
379 2397 417 2460 δι’
442 2393 526 2479 ὑμᾶς
555 2395 720 2480 ἐσωζόμην.
747 2433 792 2445 -
824 2395 943 2461 Οόκοῦν
970 2399 1002 2461 ἓν
1032 2399 1089 2480 μὲν
1120 2396 1167 2476 οἷς

133 2500 382 2587 εἲσηγγελλόμην,
405 2498 450 2564 ὅτ’
472 2499 721 2586 ἀπεψηφίζεσθέ,
734 2523 813 2582 μον,
838 2549 846 2566 .
871 2549 878 2564 .
902 2527 914 2563 .’
934 2499 997 2565 τότ’
1018 2503 1167 2590 ἔψηφίζε-
1227 2536 1230 2543 ·

133 2611 195 2672 σδε
217 2603 257 2670 τδι
278 2603 390 2691 α”ριστό
411 2629 449 2688 με
471 2603 631 2691 πράττειν·
661 2605 694 2670 ἓν
721 2600 768 2680 οἷς
797 2604 831 2668 δὲ
857 2603 915 2679 τδις
939 2606 1062 2692 γραφὰς
1089 2607 1167 2673 ἀπέ-

134 2733 259 2796 φεογον,
281 2707 394 2791 ἔννομα
413 2709 464 2774 καί
484 2705 613 2795 γράφειν
633 2709 794 2794 καὶνλίγειν
815 2706 1045 2794 ἀπεδεικνύμην·
1067 2713 1100 2777 ἓν
1121 2707 1168 2789 οἷς
1261 2725 1263 2729 ’

135 2815 171 2879 δὲ
192 2811 248 2888 τδις
270 2808 402 2888 εόθόνοις
424 2813 681 2897 ἐπεσημαίνεσθε,
711 2812 834 2887 δικαίως
854 2812 905 2876 καὶ
927 2812 1169 2901 ἀδωροδοκήτως

134 2914 238 2983 πόντιι
267 2918 453 3002 πεπρᾶχθαί
475 2941 529 2999 μοι
555 2923 823 3003 προςωμολογεΐτε.
868 2913 1016 2980 Deinde:
1050 2918 1169 2985 τούτων

137 3013 193 3085 οὖν
215 3018 314 3095 οὕτως
335 3018 476 3102 ἐχόντων,
507 3020 630 3111 pergit,
659 3022 692 3084 τί
716 3025 868 3105 προςῆκον
897 3017 917 3104 ἢ
940 3021 974 3084 τί
992 3021 1109 3088 δίκαιον
1129 3016 1169 3108 ἦν

136 3132 204 3200 τοῖς
244 3120 295 3188 ὑπ’
332 3123 407 3206 ἐμοῦ
447 3125 671 3210 πεπραγμένοις
710 3124 830 3188 θέσθαι
866 3121 922 3188 ιδν
957 3127 1170 3213 Κτησιφῶντα

138 3225 249 3309 όνομοι,
273 3221 370 3309 οόχδ
391 3226 446 3292 τὸν
468 3229 567 3311 δῆμον
589 3225 671 3312 ἑώρα
685 3226 857 3309 τιθέμενον,
882 3226 939 3309 οὐχ
961 3224 978 3292 δ
1000 3227 1074 3305 τοὺς
1084 3229 1170 3314 όμω-
1230 3220 1234 3227 ’

137 3329 274 3413 μοκότας
301 3329 463 3411 δικαστάς,
496 3330 553 3413 οὐχ
581 3329 599 3395 δ
632 3328 690 3411 τδην
719 3328 869 3414 ἀληθειαν
897 3329 982 3418 παρδι
1010 3337 1086 3400 πᾶσι
1116 3341 1171 3416 βε·

138 3440 307 3517 βαιοῦσαν,·
329 3432 496 3501 Postrema
517 3433 597 3518 haec
619 3433 664 3498 ita
686 3432 863 3529 seneldiote
878 3451 963 3515 sunt,
988 3458 1024 3500 ac
1047 3431 1171 3530 sipost

137 3550 304 3628 repressos
327 3535 462 3603 demum
480 3533 556 3603 illos
580 3536 843 3604 adversariorum
874 3539 1014 3628 impetus
1043 3537 1107 3607 lata
1129 3543 1172 3611 sit

138 3641 190 3706 lex
221 3641 456 3732 Ctesiphontis.
510 3643 591 3706 Eam
619 3640 743 3722 autem,
773 3643 800 3708 si
828 3644 985 3709 continuo
1007 3654 1083 3735 post
1104 3643 1171 3726 cle·

117 3787 118 3791 =
138 3743 217 3813 dem
241 3745 506 3812 Chaeronensem
519 3746 756 3812 Demosthenes
778 3771 951 3813 murorum
973 3747 1174 3839 reficiendo·
1268 3792 1271 3803 ·

141 3874 218 3914 rum
240 3872 377 3913 munere
400 3849 608 3940 fungebatur,
631 3851 798 3917 mensibus
812 3836 914 3942 igitur
932 3852 1125 3942 Metagitnio

142 3971 175 4019 et
196 3952 441 4020 Boedromione
463 3951 599 4046 Olymp.
630 3954 707 4035 CX,
739 3957 770 4035 3,
793 3952 890 4025 latam
912 3968 1044 4023 neeesse
1065 3972 1115 4037 eet

141 4057 325 4124 rationibus
359 4081 458 4150 supra
493 4059 631 4123 excussis
658 4057 805 4127 eiusdem
834 4061 915 4126 enni
947 4044 1133 4157 Pyonepsiu
