2594 4672
201 424 257 493 τὸν
290 423 397 512 ὀρθῶς
428 422 683 507 πεπολιτευμένον
715 423 833 512 δωρεὰς
866 424 975 506 atreo,
1017 424 1082 492 ἀλλ’
1112 427 1239 515 ἀγαθοῦ

195 553 285 605 τινος
306 527 406 593 οἷ’τιον
426 529 623 613 γεγενημένον
643 533 683 616 τῇ
710 526 797 594 πόλει
817 528 866 611 (in
890 526 976 623 Ctes.
998 553 1032 620 p.
1055 533 1113 623 82,
1125 544 1239 627 ieutr,):

203 632 366 705 coronasti
387 631 656 711 Demosthenem,
680 628 882 721 Ctesiphon,
911 629 1002 722 quod
1023 631 1123 711 fossas
1145 660 1241 705 moe·

198 736 300 802 nibus
321 733 461 827 pulchre
482 732 731 826 praeducendas
754 730 1037 822 curasset3t'cuius
1059 755 1173 804 tamen
1196 722 1240 808 oh

119 872 120 876 ¹
198 838 368 960 idipsum
389 839 497 904 maior
518 839 619 904 etiam
640 835 739 929 culpa
761 856 827 919 est,
851 841 978 931 quippe
1008 842 1069 931 qui
1090 839 1242 909 admini-

198 945 357 1039 stratione
380 966 438 1007 sua
460 965 497 1008 eo
520 943 686 1008 civitatem
708 940 897 1025 adduxerit,
926 960 964 1009 ut
990 943 1089 1011 fossas
1113 943 1241 1063 ducere

188 1065 232 1116 ¹et
252 1044 347 1136 vallis
370 1046 578 1117 communire
600 1062 712 1112 coacta
733 1046 802 1112 sit

285 1151 401 1240 Itaque
424 1149 582 1216 continuo
603 1165 680 1239 post
706 1132 836 1215 cladem
859 1149 1137 1242 Chaeronensem,
1158 1118 1241 1246 post

198 1253 334 1344 Olymp.
359 1251 437 1332 CX,
467 1254 486 1319 3
512 1254 786 1342 Metagitnionem
807 1252 890 1334 VlI,
921 1253 1154 1347 indesperata
1176 1257 1240 1335 illa

103 1376 105 1380 ’
184 1357 336 1424 ¹civitatis
368 1353 578 1447 conditione,
614 1379 718 1446 quum
752 1356 925 1447 exhaustae
958 1355 1057 1425 bello.
1072 1358 1238 1448 publicae

105 1444 108 1457 Ι
194 1461 370 1553 pecuniae·
383 1477 494 1540 erant,
527 1457 745 1550 Philippique
773 1460 952 1549 imminens
974 1460 1151 1554 impressio
1176 1489 1238 1531 ur-

193 1565 247 1631 bis
286 1560 563 1630 communiendae
603 1563 726 1628 civitati
765 1563 992 1632 necessitatem
1029 1564 1237 1651 iniunxerat,

195 1686 269 1737 tum
294 1655 535 1734 Demosthenes
566 1666 618 1740 in,
635 1664 734 1732 fossas
768 1666 943 1732 moenibus
976 1664 1237 1757 praeducendas

192 1774 257 1838 tria
277 1771 319 1837 de
341 1771 481 1863 proprio
510 1768 632 1836 talenta
652 1767 835 1862 impendit,
868 1786 940 1837 tum
968 1794 1145 1839 murorum
1174 1799 1235 1842 re-

193 1875 419 1942 ficiendorum
447 1866 560 1940 curam
593 1871 857 1954 administrabat,
888 1891 921 1940 et
951 1871 1067 1941 decem
1092 1873 1152 1943 illa
1183 1895 1234 1946 ta·

192 1979 300 2059 lenta,
332 2002 415 2069 quae
444 2002 484 2044 ex
506 1979 631 2044 aera1io
654 1979 818 2068 accepisse
841 2001 917 2042 eum
937 1978 1120 2047 Aeschines
1142 1979 1231 2048 dicit

191 2086 242 2167 (in
270 2082 357 2156 Ctes.
387 2107 423 2173 p.
452 2083 492 2169 57
521 2079 632 2164 med),
670 2103 726 2145 eae
747 2081 919 2148 manifesto
946 2083 1107 2173 pecuniae
1134 2102 1226 2166 sunt,

192 2211 273 2279 quas
301 2210 360 2253 suo
397 2183 538 2251 consilio
572 2183 615 2249 ad
646 2184 778 2250 moenia
811 2184 1014 2252 restituenda
1031 2185 1225 2265 destinasse

189 2288 354 2383 populum
375 2291 413 2355 in
435 2307 579 2356 extrema
600 2286 658 2353 illa
680 2285 861 2354 calamitate
890 2292 962 2381 ipse
984 2290 1228 2359 Demosthenes

189 2394 360 2462 refertor.
385 2391 426 2458 de
449 2417 515 2460 eor.
537 2417 571 2483 p.
595 2393 668 2482 309.

275 2499 321 2570 At
342 2497 600 2564 Demosthenem
628 2520 697 2564 non
718 2496 788 2564 sola
813 2498 940 2588 patriae
961 2498 1024 2565 ista
1045 2496 1229 2583 calamitas,

188 2602 248 2671 sed
267 2602 406 2694 propria
427 2602 526 2666 etiam
548 2599 700 2691 pericula
721 2600 763 2665 ad
784 2599 1015 2668 liberalitatem
1027 2599 1120 2667 illam
1136 2607 1229 2671 exei-

187 2725 271 2775 tasse
292 2705 466 2783 videntur,
489 2701 526 2766 id
548 2702 638 2794 quod
661 2702 704 2769 ad
724 2705 1006 2796 comprobandam
1028 2707 1228 2797 opinionem

187 2826 335 2879 nostram
364 2807 406 2874 de
433 2808 519 2873 iusto
547 2807 715 2874 institutae
743 2810 880 2875 actionis
902 2832 988 2875 anno
1011 2807 1102 2873 haud
1124 2813 1227 2878 mini-

187 2939 282 2982 mum
310 2913 397 2979 facit.
447 2910 580 2976 Etenim
620 2912 778 2979 continuo
808 2930 884 3004 post
914 2910 1045 2979 cladem
1076 2913 1224 2983 Chaero-

186 3042 325 3086 nensem
347 3034 476 3083 exortae
498 3032 575 3081 sunt
597 3016 991 3089 contraDemosthenem
1012 3014 1089 3082 illae
1105 3018 1223 3088 adver-

185 3124 351 3191 sariorum
381 3121 661 3212 conspirationes,
692 3119 734 3186 de
763 3121 885 3212 quibus
915 3122 988 3213 ipse
1016 3138 1126 3189 orator
1157 3126 1225 3216 agit

188 3226 320 3293 decor.
343 3252 376 3317 p.
401 3227 473 3307 310,
496 3223 584 3290 unde
606 3224 687 3291 haee
709 3248 824 3291 exorsa
847 3242 894 3291 est
916 3224 1107 3318 disputatio.
1154 3229 1224 3295 De-

185 3329 365 3397 mosthenis
396 3330 433 3394 in
457 3352 495 3394 re
522 3325 656 3420 publica
683 3328 1114 3428 administrandalconsiliis
1136 3331 1224 3400 faeta

187 3452 236 3502 est
268 3458 345 3499 cum
377 3435 549 3499 universae
580 3433 754 3513 Graeciae,
797 3452 867 3500 tum
895 3429 1153 3501 Atheniensium
1181 3435 1225 3502 ad

188 3537 415 3605 Chaeroneam
437 3536 558 3605 clades.
586 3537 786 3629 vProfligatis
809 3538 910 3628 igitur
930 3562 993 3629 per
1015 3541 1224 3608 eamDemo-

271 3884 328 3958 τὰς
355 3881 458 3967 θήκας
490 3882 761 3994 [συνεβολλοντο]
792 3883 991 3967 {hauritorium
1024 3886 1054 3950 οἳ
1076 3888 1139 3995 Ιμέν
1166 3893 1223 3972 τῆς

272 3978 334 4035 τῶν
356 3977 465 4052 τειχῶν
486 3975 689 4053 κατασκευῆς,
722 3971 751 4036 οἱ
779 3973 812 4039 δὲ
841 3978 908 4058 τῆς
936 3978 1011 4038 τῶν
1040 3973 1222 4063 τάφρων,

273 4084 300 4127 ον
292 4058 359 4124 ‘de‘
380 4063 437 4145 τῆς
455 4054 657 4144 χαροκώοονς.
