2594 4672
563 271 718 376 Au.

123 436 225 511 tatem
257 440 424 509 collatum.
474 449 542 509 Nec
572 440 708 525 desunt,
737 429 887 536 quasin
914 443 1005 515 bunc
1030 464 1158 509 annum

123 547 271 629 omniuo,
292 540 376 638 quin
396 548 501 639 magis
524 550 623 614 etism
646 572 747 640 qnam
768 550 806 613 in
828 544 885 614 Ol.
909 548 1001 629 CVI,
1023 570 1043 613 a
1065 571 1158 615 eom·

122 662 237 744 petere
273 649 457 718 videantur.
508 651 592 719 Nam
608 654 849 745 Megarenses,
886 675 971 744 quos
1002 653 1158 717 invasisse

124 752 327 822 Salaminem
356 757 457 823 unice
483 753 659 849 probabile
685 772 749 836 est,
787 753 842 822 Ol.
873 756 953 822 CVI
984 756 1166 821 dimicasse-

123 875 203 926 eum
230 858 491 927 Atheniensibus
532 883 603 926 non
630 859 754 926 diserte
780 859 885 927 tradit
916 859 1159 926 Demosthenes

125 986 173 1029 or.
196 959 239 1026 de
261 985 328 1030 cor.
350 988 385 1053 p.
408 964 489 1042 306,
517 962 577 1029 sed
603 962 647 1029 ad
672 962 807 1031 hostilia
833 986 889 1032 eos
921 966 1026 1056 magis
1058 987 1161 1055 qnam

125 1064 169 1131 ad
191 1065 370 1131 amicitiam
380 1064 545 1156 proclives
561 1065 855 1134 fuissecontendit.
898 1069 945 1134 At
954 1091 1003 1135 or
1015 1065 1159 1159 Olynth

125 1169 192 1248 Ill,
216 1192 300 1258 quae
323 1165 379 1248 Ol.
404 1166 517 1249 CVII,
546 1168 568 1254 4
598 1169 710 1236 habita
737 1188 800 1251 est,
830 1168 1020 1237 clarissimis
1049 1170 1160 1236 verbis

125 1271 387 1338 Atheniensibus
409 1273 600 1363 exprobrat,
621 1272 714 1365 quod
735 1272 890 1340 adversus
912 1275 1105 1343 Corinthios
1126 1290 1161 1340 et

129 1357 342 1468 Megarenses
364 1398 455 1442 arma
477 1378 623 1468 capiant,
650 1376 844 1471 Philippum
874 1394 990 1445 contra
1018 1379 1161 1444 civitates

130 1470 304 1544 Graecas
293 1502 331 1545 ιιι
353 1482 544 1547 servitutem
565 1480 719 1571 redigere
739 1483 923 1574 patiantur.
944 1484 993 1549 tut
1014 1482 1073 1566 μὲν
1092 1485 1164 1547 Ko-

128 1585 219 1670 ρινθί
216 1607 271 1660 ους
290 1585 340 1648 καὶ
362 1581 571 1672 Msycpiag‘
552 1585 757 1672 αρπάσανιας
782 1585 824 1652 τὰ
852 1585 934 1652 ὅπλα
960 1581 1159 1672 mordacior,

131 1688 287 1752 Φίλιππον
314 1689 344 1753 ‹t'
368 1690 422 1755 dciv
454 1687 558 1766 πόλεις
584 1687 768 1776 Ἑλληνίδας
802 1689 1084 1777 ἀνδραποδίζεσθαι
1114 1693 1161 1778 (p.
1198 1678 1202 1687 ⁸

128 1789 195 1875 34).
237 1792 427 1872 Praeterea,
458 1790 576 1860 eodem
605 1810 756 1887 tempore
784 1794 1005 1860 Athenienses
1035 1814 1163 1858 summa

127 1918 206 1960 sane
228 1911 261 1961 ct
280 1897 499 1988 pecuniarum
519 1915 553 1964 et
575 1898 618 1965 ob
640 1922 715 1963 eam
735 1901 845 1991 ipsam
866 1921 996 1964 causam
1017 1895 1163 1962 militum

87 2012 90 2017 '
128 2000 228 2064 etiam
255 2001 370 2093 iuopia
397 2001 652 2093 premebantur,
681 2001 720 2068 id
749 2000 853 2094 qnod,
883 2018 1019 2093 praeter
1039 2000 1166 2065 Demo·

129 2103 254 2170 sthenis'
277 2128 325 2172 or.
348 2105 436 2171 Phil.
459 2106 486 2187 I,
507 2128 556 2171 or.
578 2104 621 2171 de
643 2105 842 2198 Symmoriis
864 2123 898 2172 et
918 2129 984 2173 orr.
1008 2102 1163 2195 Olynth,

128 2208 274 2272 maxime
308 2206 405 2281 docet
435 2231 481 2275 or.
504 2210 541 2272 in
569 2209 687 2276 Neaer.
709 2234 744 2302 p.
777 2209 871 2294 1346.
915 2207 1031 2293 Quid?
1070 2206 1164 2301 qnod

131 2310 204 2400 ipse
232 2309 451 2377 Charidemus
480 2310 537 2378 Ol.
565 2310 679 2391 CVll,
718 2336 739 2378 n
768 2310 1012 2379 Boedromione
1049 2332 1166 2378 mense

132 2434 210 2478 cum
233 2411 348 2480 decem
370 2416 481 2482 vacuis
503 2416 642 2487 navibus
669 2438 732 2482 nec
761 2416 828 2482 nisi
856 2415 1008 2508 quinque
1034 2413 1164 2482 talentis

132 2516 170 2582 in
193 2517 438 2585 Chersonesum
459 2520 575 2586 missus
603 2537 667 2600 est,
697 2537 778 2586 teste
799 2519 1026 2587 Demosthene
1050 2519 1088 2584 in
1114 2542 1165 2585 or.

133 2621 275 2714 Olynth.
299 2624 359 2703 ill,
381 2647 416 2715 p.
440 2646 492 2713 29.
537 2622 635 2708 Quod
663 2624 775 2716 ipsum
802 2646 916 2690 rursus
938 2621 981 2690 ad
1002 2621 1167 2690 Charide-

131 2726 232 2794 mu‘m
255 2727 387 2795 Oritam
415 2729 551 2796 omnino
581 2728 744 2821 quadrare
770 2726 919 2810 videtur,
952 2729 1082 2821 quippe
1108 2728 1166 2820 qui

134 2835 234 2901 etiam
257 2836 373 2925 exigua
394 2835 537 2954 pecunia
567 2834 604 2898 in
630 2834 790 2915 Thracia,
822 2831 1088 2912 andecanem,
1118 2832 1168 2897 ia-

134 2936 198 3006 cile
219 2940 442 3005 mercenarios
464 2937 652 3005 conducere
671 2955 792 3032 posset.
814 2976 859 2992 —
879 2938 927 3002 Ex
950 2934 1066 3002 eadem
1087 2958 1165 3002 vero

133 3043 295 3110 sententia
315 3041 496 3125 Nausicles,
520 3067 623 3136 quem
643 3041 742 3113 simul
763 3066 842 3108 cum
861 3037 1062 3106 Charidemo
1084 3039 1168 3106 Dio·

134 3147 283 3247 timoque
306 3163 499 3212 coronatum
520 3171 620 3238 supra
641 3147 828 3226 statuimus,
854 3145 1006 3212 Atticis
995 3167 1033 3208 ιιι
1055 3143 1166 3212 Imbro

135 3250 261 3318 colonis
276 3274 374 3342 opem
383 3248 496 3318 tulerrt
507 3248 562 3319 Ol
572 3250 678 3330 CVII,
694 3273 725 3315 t·
716 3273 856 3338 neque
866 3249 930 3316 hoc
945 3248 1167 3340 improbabile

136 3373 194 3422 est.
217 3355 301 3421 Nam
318 3378 386 3446 quo
403 3373 553 3446 tempore
562 3354 770 3421 Chersoneso
778 3352 976 3446 Philippus
966 3355 1167 3434 1mminerct,

135 3459 200 3526 hoc
222 3476 272 3526 est
291 3460 353 3524 sub
375 3458 432 3526 Ol.
446 3460 551 3542 CVII,
577 3482 605 3539 t,
627 3456 745 3524 eodem
766 3459 865 3525 etiam
886 3456 929 3523 de
942 3458 1078 3540 Lemno,
1101 3460 1169 3524 lm·

135 3563 210 3648 bro,
233 3562 337 3655 Scyro
360 3562 555 3630 timendum*
568 3563 839 3635 Atheniensibus,
856 3563 955 3630 fuisse
977 3580 1011 3631 et
1030 3561 1169 3629 Aeschi·
1272 3638 1277 3651 ,

136 3690 196 3733 nes
225 3684 361 3735 testatur
387 3696 421 3736 π.
448 3693 587 3757 παραπρ.
620 3693 655 3759 p.
685 3669 727 3759 37
753 3666 841 3735 med.
871 3684 904 3736 et
925 3685 1039 3736 auctor
1060 3689 1109 3734 or.
1130 3667 1168 3732 in

135 3771 254 3843 Neacr.
283 3798 318 3865 p.
352 3772 443 3857 1346.
486 3772 724 3840 Demosthenes
756 3771 902 3867 denique
935 3776 973 3840 in
1005 3794 1054 3840 or.
1082 3768 1167 3837 Phil.

137 3876 176 3954 I.,
199 3899 284 3967 qnae
307 3875 362 3941 Ol.
386 3876 482 3943 CVII
504 3903 531 3942 a.
554 3879 676 3970 primo,
698 3902 817 3971 eoque,
839 3896 876 3946 ut
891 3877 1047 3969 suspicati
1069 3900 1170 3969 supra

136 3985 182 4068 (p.
207 3981 263 4068 δι)
286 4003 409 4060 sumus,
432 3981 563 4048 circiter
582 3981 694 4050 medio
715 3982 826 4050 hahita
848 4000 911 4064 est,
933 3982 976 4048 de
998 3978 1168 4074 Philippo:

137 4082 194 4151 ris
214 4083 415 4173 παρελθόντα
431 4083 562 4174 χρόνον,
586 4088 648 4170 ait,
681 4090 724 4165 εἰς
743 4090 880 4174 Λῆμνον
900 4090 950 4156 καὶ
965 4087 1094 4174 Ἴμβρον
1115 4088 1171 4175 ipa·
