2594 4672
571 242 730 347 nu.

218 401 375 483 Eundem
406 406 650 500 Mnesiphilu'm
680 409 823 477 alterum
851 409 951 475 etiam
986 395 1168 489 decretum,

134 509 366 590 Callisthenis,
395 510 549 600 praefert.
593 511 694 578 Unde
723 509 766 577 ad
796 509 958 593 eiusdem,¹
972 511 1051 573 anni
1075 511 1169 572 Mae·
1261 541 1264 548 .

130 615 368 682 macteriouem
394 612 609 681 referendum
644 613 732 679 illud
760 634 838 689 ¹esse
877 609 1045 676 coniicias.
1099 606 1168 671 Sed
1256 646 1258 649 -

113 716 214 782 “haec
236 714 397 788 sententia
417 713 532 780 multis
556 714 598 780 de
620 715 725 780 causis
746 715 857 779 minus
879 713 1050 804 probatur.
1094 710 1170 774 Pri-

130 818 235 896 mum,
259 815 350 909 quod
372 834 486 884 auctor
508 816 633 884 decreti
656 815 877 884 Callisthenes
912 830 961 881 est
993 808 1084 879 idem
1107 814 1167 904 qui

130 918 186 988 Ol.
222 919 351 998 CVIII,
382 943 400 984 a
429 920 691 1012 Scircphorione
722 908 857 987 XXVII
890 916 1061 1007 decretum
1089 914 1168 1003 tulit
1194 914 1197 923 ’

130 1021 247 1090 similis
270 1023 473 1114 argumenti,
502 1041 573 1090 tum
601 1021 695 1114 quod
725 1022 782 1089 01.
811 1022 941 1102 CVIII,
970 1046 988 1087 a
1019 1021 1167 1086 Maema-

129 1129 279 1195 cterioue
301 1124 492 1217 vigiliarum
520 1126 556 1190 iu
584 1123 723 1192 castellis
749 1125 979 1193 habendarum
1003 1124 1167 1215 fugaeque

81 1237 85 1244 “
129 1255 167 1296 er
188 1219 272 1319 agris
296 1225 513 1319 capessendae
535 1227 628 1294 nulla
649 1228 759 1295 adhuc
784 1227 1044 1294 Atheniensibus
1065 1228 1167 1292 insta-

128 1333 187 1411 bat
208 1334 395 1412 necessitas,
419 1332 546 1424 quippe
569 1333 661 1424 quod
679 1330 858 1426 'Philippus
881 1329 1004 1398 ‘eodem
1027 1312 1180 1421 quidem

129 1458 235 1515 auno,
275 1434 335 1500 sed
374 1459 488 1502 mense
520 1434 655 1502 demum
686 1432 949 1527 Elaphebolione
990 1433 1166 1503 Graeciam

128 1541 295 1630 ingressus
318 1541 370 1605 sit.
415 1538 477 1606 Sin
499 1541 601 1634 igitur
628 1556 705 1631 post
731 1536 883 1631 Philippi
912 1538 1168 1629 impressionem

128 1642 262 1710 decreta
292 1660 340 1709 est
368 1643 508 1734 Athenis
538 1643 758 1729 ouanuywyln,
780 1642 955 1709 relerenda
977 1634 1015 1707 ea
1037 1640 1102 1706 erit
1123 1638 1166 1704 ad

128 1747 185 1815 01.
225 1747 302 1824 CX,
350 1770 369 1813 2
416 1746 718 1838 Elaphebolionem
757 1764 813 1813 aut
859 1744 1164 1837 Scirophorionem,

127 1869 185 1917 aut
206 1867 379 1939 consecuta
402 1848 538 1930 demum
565 1853 609 1917 sit
636 1869 715 1942 post
743 1847 872 1935 cladem
896 1850 1164 1916 Chaeronensem
1272 1920 1274 1926 ,

80 1948 82 1952 ⁸
127 1955 184 2023 Ol.
199 1955 288 2034 CX,
320 1955 339 2021 3
364 1953 615 2044 Metagitnione,
638 1955 680 2020 id.
704 1953 796 2047 quod
823 1955 962 2041 maxime
982 1949 1164 2039 verisimile

127 2076 193 2139 est,
225 2057 317 2150 quod
339 2075 411 2123 tum
444 2057 563 2124 similis
586 2058 773 2149 argumenti
796 2055 965 2126 decretum
987 2056 1093 2124 latum
1115 2070 1164 2120 est

127 2163 168 2229 ab
190 2160 370 2251 Hyperide.
417 2159 468 2224 Cf.
493 2184 564 2249 cap.
587 2161 645 2225 VI.
668 2186 703 2250 p.
734 2151 808 2245 263.
850 2155 968 2254 Neque
991 2161 1164 2231 decretum

124 2267 190 2333 hoc
211 2264 328 2330 referri
350 2280 460 2354 potest
481 2261 523 2326 ad
547 2283 620 2345 eam
642 2265 863 2348 σκευαγωγίαν,
894 2288 980 2354 quae
1006 2266 1091 2332 facta
1106 2261 1163 2331 ¹est

127 2368 185 2435 Ol.
210 2367 301 2445 CXI,
325 2389 343 2430 2
368 2363 466 2432 allato
488 2363 634 2430 Athenas
656 2365 793 2430 nuncio
810 2363 851 2429 dc
872 2366 997 2432 Thebis
1020 2367 1060 2432 ab
1083 2365 1162 2432 Ale-

124 2468 252 2538 xandro
276 2469 409 2547 excisis,
447 2469 536 2534 Haec
559 2467 649 2533 enim
671 2466 794 2534 incidit
815 2467 851 2532 in
874 2485 1003 2560 tempus
1020 2471 1162 2559 Magno-

124 2601 203 2641 rum
226 2575 473 2665 Mysteriorum,
496 2572 560 2638 hcc
584 2573 689 2638 estin
705 2595 853 2639 mensem
871 2556 1178 2640 Boedrcmionem.¹
1261 2657 1263 2661 y

124 2681 167 2747 V.
190 2680 323 2744 Arrian.
353 2702 423 2767 erp.
453 2676 494 2742 A.
525 2675 541 2740 I
549 2725 559 2756 ,
592 2701 626 2766 p.
661 2678 702 2744 28
724 2674 896 2743 Blancard.
942 2678 1034 2767 Quae
1057 2699 1162 2770 quum

123 2786 169 2850 ita
190 2785 268 2862 sint,
291 2782 334 2847 ob
348 2780 587 2859 Callisthenem
608 2775 813 2870 praesertim,
833 2779 958 2849 decreti
980 2772 1160 2860 auctorem,

122 2912 237 2953 rursus
265 2885 307 2950 ad
336 2883 417 2950 belli
444 2884 623 2950 Phocensis
651 2879 756 2950 finem
782 2883 994 2952 redeundum
1010 2867 1160 2953 'videtur

122 2992 241 3080 Neque
264 2990 412 3054 invenies
435 2981 529 3078 quod
548 2987 754 3079 probabilius
783 2986 825 3053 de
855 2988 988 3055 decreto
1010 2988 1074 3056 hoc
1096 3003 1160 3067 sta·
1231 3056 1232 3059 ,

123 3096 172 3161 tui
194 3095 298 3184 possit
320 3115 370 3171 eo,
393 3089 485 3182 quod
507 3093 649 3158 coniecit
663 3090 850 3157 Bocchhius
865 3091 888 3157 l.
905 3116 935 3158 c.-
947 3119 981 3184 p.
997 3114 1034 3180 9:
1057 3089 1157 3184 paulo

123 3214 201 3291 post
223 3196 519 3287 Scirophcrionem
547 3192 602 3261 Ol.
627 3193 754 3274 CVIII,
783 3217 802 3258 a
824 3191 949 3260 redisse
972 3195 1015 3260 ad
1036 3196 1161 3261 securi-

123 3319 224 3370 tatem
260 3300 515 3365 Atheniensium
544 3300 688 3377 animos,
729 3295 789 3363 sed
826 3294 953 3389 aliquot
988 3300 1157 3365 mensibus

122 3422 201 3499 post
223 3403 367 3475 eundem
391 3402 629 3481 Callisthenem
652 3402 694 3469 ob
723 3403 901 3468 recentem
921 3400 1068 3494 aliquam
1089 3398 1158 3468 sor-

83 3546 87 3551 -
121 3507 287 3575 midiuem
326 3508 435 3574 denuo
473 3505 582 3592 simile
617 3503 789 3572 decretum
825 3508 1036 3598 proposuisse
1071 3509 1158 3573 inse·
1247 3506 1248 3510 ’

124 3615 242 3706 quenti
274 3611 568 3687 Maemacterione,
612 3611 740 3676 omissis
774 3620 883 3677 tamen
912 3613 969 3691 iis,
991 3636 1084 3702 ,quae
1116 3610 1158 3674 de

122 3714 303 3795 Heracleis,
328 3718 407 3780 item
431 3739 515 3806 quae
539 3713 730 3806 dePiraeeo*
751 3732 784 3781 ct
805 3712 944 3778 castellis
968 3713 1159 3798 muniendis

123 3821 214 3898 dicta
237 3837 339 3898 erant,
363 3818 558 3910 propterea,
583 3817 674 3909 quod
705 3819 785 3884 baec
809 3821 936 3882 urunita
960 3836 1051 3885 erant
1073 3808 1163 3887 inte·-¹

122 3929 208 4005 rim,
241 3927 285 3989 ita
315 3941 351 3987 ut
381 3921 505 3988 deferri
537 3922 685 4012 supellex
717 3925 753 3988 in
782 3925 928 3988 munitus
960 3921 1035 3988 illos
1069 3921 1159 3990 locos
