2594 4672
629 214 785 358 ,ιο-

191 427 436 507 Chersonesum
460 420 778 514 Hellespontumque
810 371 981 487 mittendis
1005 418 1048 506 (v.
1072 440 1145 511 cap.
1173 420 1233 487 Ν.

184 523 232 613 6),
283 528 476 593 Anaxinum
498 526 602 616 igitur
623 527 749 590 venisse
786 524 933 591 Athenas
959 539 1051 615 patet
1080 540 1139 589 aut
1175 524 1234 590 Ol.

191 633 338 713 Clx,3
368 647 425 695 aut
455 623 508 694 Ol.
540 621 643 707 CIX,
659 627 689 713 4
736 630 775 693 In
799 626 853 694 Ol.
878 626 966 713 (illl.
990 628 1009 694 3
1033 643 1235 716 competunt

75 821 78 828 Ι
190 734 423 816 Demosthenis
439 737 568 812 rerba:
602 736 652 797 καὶ
686 732 722 798 τὸ
750 733 806 814 μέν
837 731 875 816 δὴ
904 729 965 816 πρὸ
997 736 1053 795 τοῦ
1086 735 1235 814 πολεμεῖν

190 833 368 932 φανερῶς
397 837 656 922 συναγωνίζεσθαι
696 838 840 923 Φιλίππῳ
869 831 968 900 δεινὸν
993 835 1059 916 μέν.
1093 873 1134 885 -
1165 840 1236 910 πῶς

71 983 78 998 s
190 946 250 1032 γὰρ
278 968 330 1025 oo,·
366 940 446 1007 κατὰ
478 947 535 1024 τῆς
562 941 720 1026 πατρίδος.
749 936 867 1004 ddsed'
904 939 930 1002 sl
956 936 1143 1017 βούλεσθε,
1159 937 1235 1004 δότε

196 1048 281 1137 αιἰτῷ
303 1050 406 1111 τοῦτο.
435 1043 515 1108 Ἀλλ’
536 1042 640 1144 lueida}
664 1046 835 1130 φανερῶς
855 1040 916 1125 ήδη
939 1039 984 1104 τὰ
1006 1046 1124 1104 κλοΐα
1148 1042 1236 1106 ἐσε-

191 1151 355 1232 αὐλητο,
384 1145 586 1232 Χερρόνησος
617 1148 797 1230 ἐπορθεῖτο,
829 1146 877 1210 ἐπὶ
906 1141 965 1227 την
986 1140 1137 1227 Ἀττικὴν
1154 1142 1238 1229 latti-¹

147 1236 150 1240 A
193 1251 295 1340 ρευεθ
318 1249 497 1334 ἅνθρωπος,
522 1248 619 1313 οὐκέτ’
649 1249 724 1315 ἐν’
707 1276 727 1312 α
727 1247 980 1378 μφισβητηρίμῳ
1000 1244 1040 1310 τὰ
1061 1245 1235 1332 πράγματα

190 1350 239 1440 ἦν,
264 1353 330 1418 ἀλλ’
351 1349 512 1435 ἐνειστήκει
527 1348 713 1433 κόλεμος,“
695 1378 711 1415 ο
734 1377 763 1416 τι
785 1352 842 1432 μὲν
863 1348 980 1416 πώποτ’
991 1348 1099 1478 ἐνιροιξ
1100 1375 1132 1415 εν
1153 1347 1251 1440 ὑπὲρι

191 1455 278 1542 ὑμῶν
300 1453 317 1521 ὃ
339 1455 496 1541 βάσκανος
518 1450 623 1520 οντοσὶ
645 1452 877 1548 ἰαμβειοφάγος,
911 1479 966 1520 οοκ
987 1451 1027 1518 dlv
1048 1452 1112 1537 ἔχοι
1134 1457 1251 1535 δεῖξαι,

175 1563 247 1654 ¹(p.
255 1626 258 1637 ,
272 1559 334 1648 273
373 1565 453 1649 sq),
486 1557 606 1648 quibus
634 1559 741 1631 verbis
778 1557 1015 1642 Demosthenes
1041 1558 1162 1625 transit
1191 1555 1236 1625 ad

192 1665 394 1749 concitatum
416 1661 583 1726 Aeschine
605 1678 739 1728 auctore
760 1658 885 1740 bellum
898 1661 1147 1765 Amphissense,
1171 1684 1235 1780 per

192 1766 287 1862 quod
308 1765 468 1857 Philippo
493 1763 669 1866 Graeciam
690 1764 871 1832 invadendi
899 1781 1043 1858 potestas
1071 1764 1157 1830 iacta
1177 1766 1231 1832 sit.

191 1872 405 1962 Navigiorum
436 1867 533 1935 illum
566 1886 700 1961 raptum
734 1869 1000 1962 Chersonesique
1037 1865 1232 1936 devastatio·

191 2000 281 2057 nem,
304 1999 366 2068 per
389 1997 473 2064 quae
503 1970 632 2039 bellum
655 1992 750 2066 antea
773 1972 915 2064 gliscens
937 1971 1047 2064 palam
1070 1975 1230 2038 exarsisse

193 2078 435 2149 Demosthenes
468 2075 566 2157 dicit,
597 2075 639 2144 ad
669 2076 722 2144 Ol.
755 2078 849 2164 ctx,
882 2077 903 2162 4
932 2078 1102 2167 pertinere
1130 2099 1225 2167 supra
1268 2106 1276 2130 ι

194 2186 281 2276 (cap.
307 2180 366 2248 lv.
388 2203 441 2246 nr.
466 2203 484 2269 7
507 2191 594 2273 sqq.)
625 2181 819 2264 docuimus,
845 2199 878 2248 et
906 2178 1006 2247 illum
1029 2179 1166 2273 quidem
1185 2178 1238 2268 ud⁸

192 2285 515 2354 Hecatombaeonem
542 2287 610 2351 iam
638 2303 695 2352 aut
729 2286 1008 2376 Metagitnionem
1043 2285 1101 2350 Ol.
1141 2284 1231 2364 clx,

152 2444 155 2447 a
193 2391 236 2476 4,ι
272 2393 380 2474 Quam
402 2391 445 2456 ob
474 2414 546 2455 rem
574 2391 765 2456 Anaxinum
791 2407 901 2482 pateat
925 2389 1075 2456 Athenas
1104 2389 1231 2454 venisse

190 2493 251 2563 Ol.
276 2495 366 2578 CIX,
390 2497 428 2578 33
460 2512 493 2560 et
522 2493 702 2560 verisimile
736 2512 803 2575 est,
835 2489 892 2560 Ol.
916 2493 1013 2574 (ΠΧ,
1037 2495 1056 2562 3
1082 2509 1230 2572 exeunte,

194 2625 260 2690 quo
284 2617 434 2690 tempore
458 2598 675 2664 Athenienses
698 2597 783 2668 clam
808 2598 850 2664 de
871 2595 1053 2665 liberandis
1078 2622 1096 2661 a
1118 2613 1231 2688 tyran·
1255 2687 1257 2692 Ι

94 2737 96 2740 >
192 2701 273 2770 uide
296 2702 450 2768 Euboeae
477 2701 632 2782 urbibus,
666 2704 795 2777 Eretria
819 2703 987 2795 Ortoque,
1007 2701 1154 2792 agebant
1175 2698 1232 2766 de-

193 2832 258 2898 que
281 2804 436 2901 subsidiis
469 2806 506 2870 iu
536 2803 789 2896 Hellespontum
818 2805 1003 2886 mittendis,
1029 2804 1232 2898 Selymbria·

192 2913 245 2976 nis
275 2910 473 3002 praesertim
500 2907 705 2975 auxiliatoris
736 2918 777 2992 (v.
808 2934 879 3002 cap.
904 2909 961 2977 tv.
992 2933 1043 2998 nr.
1078 2910 1110 2991 6,
1137 2933 1166 3000 7,
1187 2911 1229 2988 8),

192 3015 384 3102 Anaxinum
407 3040 425 3079 a
446 3012 604 3106 Philippo
628 3014 774 3085 Athenas
795 3015 934 3083 missum
961 3037 1030 3081 esse
1052 3012 1096 3079 ad
1114 3011 1230 3104 'explo-

192 3117 297 3200 randa
319 3118 575 3188 Atheniensium
603 3117 751 3185 consilia.
798 3120 867 3189 lam
895 3142 972 3186 vero
1002 3118 1230 3193 testimonium

83 3214 86 3220 ¹
194 3221 236 3287 de
259 3221 466 3314 clandestino
488 3222 664 3289 Aeschinis
686 3247 771 3289 oum
799 3224 949 3290 Anaxino
973 3244 1151 3312 congressu
1173 3218 1231 3286 da-

183 3343 265 3408 xtum
287 3343 336 3392 est
356 3327 583 3408 Demostheni,
605 3340 783 3419 postquam
814 3328 986 3394 Anaxinus
1009 3325 1231 3453 comprehen-

193 3453 249 3499 sus
273 3446 322 3495 est
343 3447 376 3495 et
397 3430 644 3497 damnatuszi
617 3433 727 3500 εέδέναι
755 3433 978 3516 Αἰσχίνην-
1007 3427 1230 3514 συνερχόμενον
1292 3445 1295 3450 ·

193 3533 366 3610 vortig-
388 3537 437 3601 καὶ
466 3533 751 3621 κοινολογούμενον
755 3534 956 3624 Ἀναξίνιο,
940 3560 983 3610 ος
1005 3529 1210 3620 ἐκρίθη
1175 3559 1230 3598 ει-

88 3655 92 3662 ’
161 3666 256 3702 χιοι
274 3618 535 3715 κατάσκοπος
568 3639 675 3725 παρὰ
707 3644 754 3703 (Da
763 3640 923 3719 λίνικον,
961 3640 1076 3729 itaque
1116 3635 1232 3702 datum

126 3732 137 3776 J
195 3761 242 3807 est
264 3760 338 3833 post
362 3739 413 3807 Ol.
440 3743 535 3821 clx,
569 3745 608 3822 3;
639 3740 697 3806 sed
721 3743 867 3832 quaestio
902 3759 965 3822 est,
999 3755 1114 3807 utrum
1140 3740 1231 3806 brevi

193 3865 367 3937 postquam
396 3845 545 3915 absoluta
577 3864 661 3913 esset
697 3869 793 3910 eausa
830 3842 1042 3938 exploratoris
1072 3844 1229 3920 Anaxini,
1247 3870 1277 3911 ·.

193 3976 233 4017 an
257 3948 393 4015 demum
414 3951 451 4014 in
475 3975 571 4015 usum
593 3950 695 4040 ipsius
713 3951 850 4016 actionis
874 3948 916 4014 de
939 3973 1072 4029 corona,
1094 3948 1161 4016 hoo
1184 3963 1231 4016 est

192 4079 278 4128 anno
303 4052 448 4161 quodam
470 4054 558 4141 inter
588 4050 642 4120 Ol.
668 4051 747 4136 CX,
777 4055 795 4122 3
828 4071 859 4126 et
883 4054 993 4135 CXll,
1025 4055 1055 4121 3.
1091 4052 1231 4130 ,Dicunt
