2594 4672
639 283 796 392 ge-

282 459 338 528 aa
360 429 594 525 nutabam
608 437 730 523 'auam
759 455 990 548 quaestionem
1017 453 1060 521 aa
1081 455 1184 524 retus
1206 460 1247 527 n·

118 552 121 556 ¹
196 565 332 634 Euboea
354 563 452 655 gestis
476 553 719 629 exordiendum
740 560 839 626 nobis
862 576 912 626 est
941 559 983 624 ab
1006 559 1132 650 insigni
1154 559 1244 646 loco,

197 669 257 761 qui
278 683 378 732 exstat
399 690 452 756 ap.
475 665 562 734 Plut.¹
585 668 622 732 in
643 649 813 764 Phocione
840 687 869 730 c.
902 686 951 730 ta.
976 663 1089 746 Quum
1110 663 1246 760 Philip-

195 795 260 866 pus
281 794 345 864 per
365 770 537 838 Euboeam
559 768 735 837 extendere
764 784 961 860 potestatem
991 790 1085 832 suem
1106 765 1245 835 molire·

196 892 267 958 tur,
298 874 509 966 traiectisque
539 898 557 940 e
586 870 784 940 Macedonia
813 871 917 965 copiis
940 869 1081 936 urbibus
1111 870 1243 939 insulae

84 1065 86 1071 Ι
196 977 289 1044 illius
319 1001 381 1068 per
412 993 571 1068 tyrannos
610 976 778 1045 dominari
816 977 999 1069 coepisset,
1043 973 1243 1068 Plutarchus

196 1082 345 1149 Eretriae
368 1096 551 1170 tyrannum
572 1081 638 1148 sibi
665 1080 897 1170 cognominem
920 1079 1141 1146 Athenienses
1162 1104 1244 1173 pro-

196 1208 327 1253 vocasse
360 1183 463 1252 refert
496 1183 539 1252 ad
561 1183 704 1251 insulam
733 1183 929 1250 aservitute
952 1181 1183 1252 Macedonum
1202 1182 1245 1252 li-

195 1286 388 1356 berandam.
432 1288 486 1353 Ab
514 1289 567 1355 his
598 1291 702 1378 igitur
727 1289 842 1378 missas
870 1309 941 1354 esse
962 1284 1132 1354 Plutarchi
1155 1292 1245 1357 auda

73 1400 80 1411 '
192 1392 242 1461 'lio
273 1394 383 1485 copias
414 1392 586 1460 Phocione
607 1390 710 1473 duce,
741 1393 798 1484 qui
833 1392 982 1483 quamvis
1005 1413 1023 1455 a
1045 1391 1243 1485 proditiosis

196 1498 389 1566 hominibus
418 1496 454 1561 in
483 1521 652 1563 summum
683 1512 767 1564 esset
794 1493 986 1587 periculum
1008 1493 1050 1560 ad
1072 1497 1244 1588 Tamynaa

99 1629 103 1636 “
197 1599 393 1684 adductum)
423 1617 456 1666 et
477 1601 518 1665 ab
547 1602 622 1694 ips'o
644 1599 820 1667 Plutarcho
849 1597 1015 1682 desertus,
1048 1598 1245 1669 admirabili

159 1744 162 1751 ·
197 1724 317 1773 tamen
335 1729 394 1773 sua
426 1703 640 1799 militumque
673 1705 793 1770 virtute
822 1705 990 1794 insignem
1019 1703 1062 1770 de
1089 1704 1242 1774 hostibus

196 1810 369 1876 victoriam
400 1807 595 1898 deportarit
653 1808 727 1891 Quo
760 1807 846 1876 facto
875 1806 1092 1875 Plutarchum
1128 1811 1243 1902 ipsum

197 1914 238 1980 ab
261 1911 524 1980 Atheniensibus
547 1935 625 1979 mox
647 1908 755 1976 insula
777 1935 845 1978 esse
859 1910 1041 2003 expulsum.
1064 1952 1108 1983 -,-
1129 1913 1243 2007 Expe-

152 2090 154 2094 Α
198 2016 282 2084 ditio
304 2016 387 2082 baec
408 2014 496 2081 facta
524 2032 573 2082 est
600 2013 738 2108 Olymp.
769 2015 848 2083 CVI
870 2041 898 2081 a.
922 2017 959 2098 3,
982 2015 1076 2108 quod
1097 2037 1132 2084 ex
1153 2035 1242 2085 tem-

197 2144 281 2212 pore
303 2120 460 2186 orationis
484 2117 673 2200 Midianaa
698 2116 834 2212 Olymp.
859 2119 953 2202 CVI,
976 2121 998 2205 4
1018 2120 1239 2211 ᾖὼὶῐαολεο-

199 2224 401 2291 curatissime
431 2223 613 2317 exploravit
641 2241 674 2289 et
704 2221 941 2291 demonstravit
974 2223 1161 2292 Boeckhius
1190 2227 1241 2310 (in

198 2330 382 2395 Oeconom.
400 2327 479 2394 Ath.
494 2328 555 2394 civ.
577 2325 653 2396 Vol.
678 2328 720 2408 ll,
743 2353 777 2420 p.
806 2351 866 2418 ¹09
887 2353 937 2420 sq.
961 2330 1044 2396 etin
1059 2347 1239 2400 comment.

197 2433 327 2527 saepius
348 2433 417 2498 iam
439 2447 637 2499 memorata:
672 2433 758 2497 iiber
780 2429 834 2498 die
857 2432 1151 2501 Zeitverhiiltnisse
1178 2434 1240 2502 der

198 2535 359 2606 demosth.
382 2536 421 2602 R.
446 2560 476 2627 g.
501 2533 669 2630 Meidin
690 2537 784 2604 Actis
805 2536 909 2602 Acad.
922 2536 1032 2606 Berol.
1047 2541 1240 2630 ‘1818-19

116 2672 123 2683 =
198 2641 251 2707 Cl.
288 2637 602 2730 historico-philol.
636 2664 670 2733 p.
709 2637 753 2707 '82
791 2647 888 2734 sqq.).
958 2639 1059 2726 Quod
1093 2644 1122 2710 si
1159 2669 1240 2714 con·

96 4228 117 4279 a

195 2759 268 2824 stat,
292 2766 329 2808 ex
350 2738 522 2810 Plutarchi
543 2739 565 2809 l.
585 2766 613 2808 c.
631 2742 790 2811 concludi
809 2767 918 2838 posse„
930 2733 1072 2830 videtur,
1096 2747 1237 2844 Olymp.

196 2850 264 2914 iam
286 2846 381 2927 cvl,
403 2847 424 2915 3
448 2845 642 2939 Philippum
669 2849 738 2914 vim
767 2872 862 2915 suam
890 2865 924 2916 et
951 2853 1180 2922 auctoritatem
1200 2835 1259 2920 in¹

196 2952 332 3020 Euboea
360 2950 589 3032 confirmasse,
631 2969 664 3018 et
685 2965 803 3044 *quum
832 2953 998 3034 institutos
1028 2958 1096 3024 iam
1126 2958 1167 3025 ab
1196 2981 1237 3026 eo

195 3074 353 3149 tyrannos
368 3054 713 3149 quoquePlutarchus
730 3075 901 3140 memoret,
924 3083 1107 3152 congruere
1121 3061 1237 3131 relatio

195 3163 263 3228 eius
286 3185 362 3227 cum
384 3160 466 3227 locis
495 3161 532 3225 in
561 3182 610 3226 or.
634 3158 676 3226 de
699 3183 784 3241 con,
809 3161 852 3261 de
875 3163 996 3256 quibus
1018 3159 1237 3258 disputamus,

195 3267 333 3333 omnino
354 3263 494 3332 videtur.
538 3262 668 3332 Verum
687 3266 832 3356 scriptor
853 3268 926 3349 iste,
950 3267 1237 3360 quodBoeckhius

195 3368 218 3435 l.
257 3393 285 3435 c.
323 3371 454 3462 egregie
491 3366 745 3451 demonstravit,
783 3369 1030 3464 expeditionem
1064 3373 1237 3442 Plutarchi

195 3471 317 3540 auxilio
348 3491 533 3565 susceptam
571 3475 648 3539 dum
682 3497 719 3539 ea
753 3473 929 3543 manifesto
961 3476 1129 3560 confudit,
1170 3485 1236 3572 qua

179 3577 334 3670 'Ol'y'mp
364 3577 460 3658 CIX,
489 3577 511 3663 4
547 3574 756 3645 Clitarchum
789 3579 924 3647 Euboea
956 3580 1132 3674 eaptilsum
1165 3605 1234 3651 esse

179 3681 363 3749 Diodotus
386 3679 453 3747 Sic.
476 3679 586 3749 refert.
632 3679 740 3774 quue
763 3706 799 3750 ex
822 3705 862 3750 eo
884 3682 936 3752 vel
950 3687 1094 3753 maxime
1116 3685 1229 3779 liquet,

234 4012 360 4165 §1330
383 4035 467 4165 usigng
487 4014 664 4082 Phocionem
694 4038 755 4082 esse
778 4021 996 4086 Demosthenes
1020 4021 1107 4084 docet
1138 4044 1180 4086 or.
1202 4022 1230 4081 in

341 4145 348 4162 .
372 4123 403 4187 p.
469 4123 498 4185 7.
