2594 4672
566 246 724 358 ..big
814 318 822 329 .

127 413 293 508 gnificat-i,
315 411 562 497 redamandus
578 396 648 482 erat
669 439 775 483 annus
789 416 870 508 gesti
880 397 1038 496 muneris,
1062 441 1164 509 quem

125 515 236 592 notari
265 528 392 579 constet
423 513 515 606 apud
544 515 730 586 sacerdotes
760 518 907 618 Argivas
947 516 1035 638 (ΕΓ.
1046 520 1162 588 Tium.

125 614 284 683 Derstell.
314 613 346 683 d.
376 614 451 682 Gr
467 615 652 684 suasurus.
673 642 708 709 Ρ.
732 606 772 689 35
776 622 821 707 8)
868 616 1016 703 Quodsi
1038 621 1083 687 ita
1105 638 1163 721 est,
1208 662 1210 666 >

126 719 330 813 Glinegoras,
343 743 449 814 quum
463 718 591 788 duobus
606 719 895 812 Amphictyonicis
914 719 1052 789 decretis
1066 749 1148 816 prae
1161 769 1172 795 ·.

126 823 207 888 fixus
229 825 281 905 sit,
297 847 460 916 quorum
469 825 562 918 prius
584 846 686 891 verno
709 824 864 891 concilio
877 822 1014 916 Olymp.
1035 825 1107 909 CX,
1134 853 1163 906 1,

126 926 268 993 alterum
288 929 466 1021 posteriori
488 925 647 1020 quodam,
669 943 708 993 ut
728 926 883 1020 ambigue
904 924 1035 1018 loquer,
1057 877 1163 999 laium

126 1049 186 1112 est,
208 1054 285 1098 vere
307 1029 445 1124 Olymp.
469 1030 544 1112 CX,
570 1055 604 1112 ι,
626 1032 664 1097 in
686 1031 828 1123 ipsoque
848 1028 1059 1123 hauddubie
1081 1036 1164 1100 Am-

124 1136 349 1226 phictyonum
376 1131 437 1200 illo
465 1132 610 1201 coneilio
647 1136 805 1227 eponymi
834 1134 1010 1217 sacerdotis
1040 1161 1162 1203 munus
1266 1168 1268 1177 ν

126 1239 293 1326 suscepit,
325 1233 511 1325 gerendum
542 1260 648 1328 usque
676 1236 719 1303 ed
752 1262 810 1304 ver
849 1236 904 1304 Ol.
927 1237 1005 1319 CX,
1035 1262 1070 1305 α.
1119 1240 1162 1307 Iu

124 1363 230 1408 verno
253 1339 356 1428 igitur
375 1338 662 1432 Amphictyonum
693 1348 857 1407 cohvcntu
879 1339 935 1407 Ol.
959 1340 1040 1430 CX,¹
1056 1367 1088 1423 2,
1109 1343 1163 1409 in-

127 1460 228 1533 eunte
250 1465 335 1510 novo
358 1440 451 1512 anno
468 1441 766 1535 Amphictyonico‚
789 1442 869 1510 alius
890 1445 957 1510 iam
980 1468 1162 1537 eponymus

128 1565 208 1614 erat.
233 1599 246 1641 ‘.
255 1543 353 1630 Quod
389 1569 597 1638 consequens
624 1546 682 1627 sit,
713 1563 814 1638 putet.
827 1560 835 1566 ”
870 1548 1037 1614 Posterius
1072 1550 1163 1616 enim

127 1651 300 1718 decretum
342 1647 384 1715 de
422 1643 593 1716 invitando
623 1647 776 1733 adversus
802 1649 1056 1741 Amphissenses
1083 1652 1164 1717 Phi·
1206 1658 1210 1667 '

126 1753 223 1847 lippo
245 1779 350 1846 quum
368 1751 474 1820 letum
494 1757 539 1821 sit
560 1750 678 1821 eodem
699 1753 868 1821 sacerdote
891 1749 1083 1844 Clinegora,
1107 1780 1163 1824 eo-

127 1857 206 1932 dem
233 1858 335 1947 igitur
361 1880 448 1925 anno
477 1858 777 1949 Amphictyonico,
813 1875 1055 1950 postremum
1080 1856 1177 1924 Am?

124 1959 348 2054 phictyonum
370 1979 581 2057 conventum,
604 1979 646 2042 et,
670 1956 711 2027 de
734 1965 801 2052 quo
815 1959 907 2026 nulls
926 1986 962 2028 ex
983 1980 1078 2054 parte
1101 1961 1163 2029 du-

122 2064 394 2146 bitandum·est‚'
418 2062 587 2133 ordinario
615 2065 901 2158 Amphictyonum
924 2065 1087 2149 concilio,
1108 2092 1163 2133 re-

124 2162 314 2260 voceuduut
336 2169 473 2236 omnino
505 2186 553 2237 est
579 2167 771 2252 adtinuisse
793 2166 1045 2260 ΟΙΡιιιΡ.ὈΧ,
1077 2195 1096 2237 2
1125 2174 1162 2236 in
1240 2194 1241 2197 ’

124 2297 233 2367 eoque
255 2275 379 2360 ἐαρινῆς
398 2273 553 2352 Πυλαίας,
577 2270 671 2363 quod
702 2270 825 2363 legitur
845 2289 920 2363 post
941 2274 1046 2361 ἱερέως
1066 2280 1161 2342 Κλει-

91 2461 93 2464 .
123 2377 283 2465 costocus
301 2375 466 2464 levissima
485 2373 617 2441 medela
645 2372 830 2440 sanandum
867 2374 991 2466 liquet,
1029 2394 1161 2443 muton-

125 2480 307 2573 du'mque'
298 2491 343 2544 ιιι·
351 2480 520 2567 ὀπωρινῆς,
543 2476 581 2543 id
603 2476 696 2569 quod
714 2474 905 2545 felicissime
922 2478 1067 2545 coniecit
1086 2481 1162 2545 Rei-

125 2584 232 2666 skius,
260 2582 359 2650 sed
331 2608 403 2677 per
424 2601 613 2672 temporum
633 2583 855 2673 ignorantiam
877 2581 958 2648 falso
980 2583 1098 2650 retulit
1119 2583 1162 2648 ad

123 2680 303 2779 mensem
296 2700 435 2784 uernum
455 2686 757 2755 Anthesterionem.
763 2688 792 2769 *)
833 2685 952 2781 Neque
979 2688 1070 2754 enim
1093 2688 1162 2754 De·
1203 2740 1208 2763 ,

148 3005 194 3085 ·')
215 3007 364 3081 Nimirum,
387 3005 469 3087 quod
490 3006 736 3064 Anthesterionem
748 3004 830 3080 XVI,
853 3025 940 3086 quem
952 3005 1073 3065 efferunt
1080 3000 1160 3084 χρό-

214 3092 261 3155 νοι
287 3115 333 3174 ep.
362 3092 447 3152 Deru.
469 3091 507 3150 de
534 3114 594 3151 cor.
622 3112 653 3173 Ρ.
682 3112 742 3168 279
772 3089 809 3148 ad
840 3092 984 3171 posterius
1012 3091 1160 3152 decretum

141 3178 146 3183 ’
213 3179 481 3261 Amphictyonicum
510 3178 655 3260 pertinere
676 3175 827 3237 arbitratus
850 3191 906 3251 est,
938 3176 1049 3259 quippe
1077 3177 1159 3258 quod

214 3268 435 3341 Demosthenes,
468 3279 639 3347 postquam
648 3265 704 3321 hoc
730 3263 877 3320 recitatum
899 3277 959 3338 est,
980 3262 1044 3323 illos
1061 3265 1159 3323 conti-

160 3380 164 3387 ·
214 3375 272 3412 nuo
295 3350 405 3412 recitari
426 3352 524 3411 iubeat
545 3352 602 3409 his:
630 3345 696 3428 Mys
724 3343 764 3449 dri
786 3344 836 3407 uui
858 3342 931 3418 τοὺς
947 3342 1159 3430 χρόνους,ν
1126 3347 1159 3410 ἓν
1245 3397 1248 3401 ,

216 3431 263 3510 οἷς
291 3438 377 3500 ταῦτ’
406 3435 548 3518 ἔγίγνιτσ.
592 3439 630 3496 Et
662 3437 756 3517 possit
783 3456 839 3494 non
868 3454 952 3494 nemo
978 3437 1008 3495 iu
1034 3435 1159 3496 eundem

159 3554 161 3558 ·
215 3548 341 3586 errorem
370 3523 476 3584 obduci
504 3522 630 3605 indeque
653 3518 843 3596 contendere,
854 3520 1014 3583 lectionem
1035 3518 1158 3604 ἐαρινῆς

208 3615 244 3671 iu
260 3611 417 3697 posteriori
437 3611 555 3670 decreto
579 3609 647 3711 uihd
669 3629 730 3672 esse
752 3607 985 3690 impugnandam,
1006 3607 1098 3691 idque
1120 3608 1158 3667 de
1256 3661 1258 3665 ,

144 3714 147 3720 “
215 3721 299 3760 causa
319 3698 386 3756 satis
406 3696 560 3780 probabili,
592 3697 615 3761 si
637 3695 885 3756 Anthesterioucm
906 3696 984 3755 illum
1005 3695 1081 3754 XVI
1102 3716 1158 3754 uua

122 3783 125 3789 ⁴
164 3810 202 3829 υ-
216 3794 281 3845 cum
302 3785 436 3843 archonte
457 3806 515 3843 nou
538 3804 572 3842 ex
595 3779 711 3842 decreto
733 3779 771 3841 de
793 3778 922 3842 meandis
941 3782 1159 3855 Atheniensium

194 3871 381 3973 [Pylag'orim
403 3891 469 3933 vere
491 3868 551 3929 Olt·
561 3867 634 3946 ΟΧ,
659 3890 672 3928 ι
697 3867 765 3946 isto,
786 3889 848 3928 esse
870 3867 1052 3951 desumptum
1074 3866 1158 3940 dicat,

215 3957 288 4020 sed
286 3964 355 4016 eom
379 3952 441 4016 esse
452 3957 609 4036 'temporis
638 3969 747 4033 notam,
780 3977 854 4037 quae
884 3956 1057 4037 praescripta
1078 3952 1159 4011 elteri

188 4040 270 4113 “itti
285 4043 404 4107 decreto
431 4040 684 4125 Amphictyonico
698 4043 752 4120 sit,
785 4052 942 4127 postquem
968 4055 1042 4103 esset
1068 4040 1160 4104 Athe·
