2594 4672
642 304 807 415 ...au-

209 503 318 580 cupat,
341 483 450 564 urbes,
474 503 557 574 quae
576 481 727 547 resistere
750 500 847 543 ausae
869 477 946 562 sint,
969 476 1002 545 vi
1019 475 1185 546 continno
1199 498 1252 549 ct·

208 594 261 684 pit
283 590 394 681 (epist
417 584 568 679 Philippi
591 582 632 651 de
655 609 721 653 cor.
744 609 779 675 p,
803 586 888 667 238).
1230 594 1234 599 '
1278 666 1288 675 ἡ

295 691 457 784 Olymp.
482 690 617 757 CVIII
645 715 674 755 a.
697 691 716 758 3
747 691 940 768 ineunte,
970 705 1124 779 suscepto
1147 686 1250 758 Atio-

205 800 258 867 nis
280 799 321 865 ab
343 794 497 863 Archia
518 795 686 886 Eponymi
709 793 912 874 archontatu,
934 790 1129 886 Philippus,
1152 815 1248 863 oocu-

162 962 165 967 .
205 903 293 998 patis
316 903 384 968 iam
405 897 626 965 Phocensium
650 901 802 987 mbihus,
834 897 876 963 de
905 896 1166 964 Atheniensium
1191 920 1269 1021 ιΡ-·

206 1006 381 1130 paratibus
402 1001 532 1070 bellicis
555 1003 677 1069 certior
696 1002 799 1069 sactus
813 999 986 1094 epistolam
1002 1000 1151 1068 Athenas
1173 1002 1246 1071 mit·

144 1119 159 1176 ’.
206 1115 250 1178 tit
278 1134 369 1190 eam,
400 1131 486 1200 quae
516 1124 615 1173 exstat
640 1107 676 1171 in
705 1129 753 1173 or.
782 1105 825 1171 de
853 1129 920 1174 cor.
951 1130 985 1199 Ρ.
1017 1107 1091 1173 238.
1137 1104 1244 1175 Simul

206 1214 493 1307 Amphictyonum
523 1208 703 1279 concilium
730 1207 771 1276 de
793 1208 1014 1276 Phocensium
1034 1208 1171 1276 fortu'na
1186 1208 1247 1285 de-

206 1319 427 1388 liberaturum
441 1315 593 1408 Delphos
610 1331 777 1393 convocat,
800 1311 843 1378 ad
860 1311 952 1421 qupd
968 1312 1151 1380 Aeschines
1173 1338 1249 1383 cnm

207 1422 378 1517 Stephano
410 1439 444 1487 et
472 1417 620 1512 Dercylo
652 1418 792 1484 Athenis
820 1394 946 1509 legatits
981 1414 1057 1484 abit
1101 1408 1249 1513 Amphi-

206 1546 343 1620 ctyones
366 1522 512 1592 secundo
535 1524 589 1590 vel
603 1524 699 1590 tertio
715 1525 794 1587 anni
818 1544 942 1600 mense,
966 1521 1092 1642 quippe
1114 1540 1249 1614 praeter

206 1631 360 1701 ordinem
384 1626 498 1719 (Diod.
520 1627 556 1694 S
582 1626 673 1706 XVI,
698 1627 764 1718 59),
788 1638 1046 1716 congregantur,
1063 1626 1100 1690 in
1114 1649 1248 1694 eorum-

206 1760 273 1830 que
295 1751 461 1807 conventu
484 1733 658 1799 exitiosum
660 1727 767 1795 illud
788 1727 959 1795 decretum
981 1729 1020 1795 fit
1041 1728 1083 1796 de
1096 1729 1251 1800 Phoceu·
1258 1722 1262 1727 ¹

205 1842 296 1907 sibus
318 1863 359 1905 ex
374 1835 666 1930 Amphictyonum
676 1857 824 1905 numero
840 1831 1022 1914 eiiciendis,
1046 1825 1088 1900 de
1110 1833 1248 1905 diruen-

127 1979 133 1987 ·
205 1944 257 2011 dis
279 1966 395 2010 eorum
417 1939 573 2019 urbibus,
596 1935 897 2029 conserendoque
886 1961 923 2002 tn
945 1936 1145 2032 Philippum
1167 1941 1246 2008 Am·

205 2046 415 2141 phictyonici
447 2044 531 2110 iuris
563 2042 730 2108 consortio
759 2059 793 2107 et
823 2042 979 2133 principe
1006 2041 1044 2106 in
1070 2041 1163 2111 ludis
1183 2045 1244 2139 Py-

205 2153 303 2218 thicis
324 2147 409 2216 loco.
451 2146 630 2239 Philippus
652 2162 725 2211 tum
747 2144 879 2212 decreta
900 2144 1190 2238 Amphictyonum
1207 2149 1243 2215 in

204 2252 620 2344 Phocensesersequitur,
651 2254 740 2316 etin
768 2249 1003 2318 Macedoniam
1020 2249 1119 2318 redit.
1145 2250 1242 2321 Diod.

204 2358 227 2427 l.
251 2383 279 2426 c.
301 2359 354 2428 60¹.
398 2357 508 2422 Rebus
530 2358 597 2422 iam
618 2355 664 2420 ita
686 2355 877 2446 compositis
901 2352 1049 2420 eiusdem
1072 2360 1154 2423 anni
1171 2356 1247 2424 Mu·

204 2463 373 2556 nychIone
387 2460 519 2553 Pythici
542 2458 616 2526 ludi
638 2458 859 2539 celebrantur,
883 2482 902 2522 a
924 2458 1047 2549 quibus
1062 2459 1245 2528 Athenien

204 2592 255 2636 ses
282 2567 403 2633 misera
433 2564 656 2631 Phocensium
688 2580 776 2631 sorte
809 2564 995 2631 exacerbati
1024 2585 1163 2657 prorsus
1190 2564 1243 2633 ab·

204 2672 338 2739 stinent.
382 2669 479 2736 Dem.
502 2668 535 2734 α.
558 2692 698 2757 ααρααρ.
721 2691 755 2759 Ρ.
778 2668 853 2736 380.

269 2893 345 2982 4.
368 2893 417 2960 Ea
438 2914 516 2959 vero
539 2892 567 2958 si
589 2893 674 2958 iusta
696 2914 810 2958 rerum
832 2890 898 2959 suit
914 2907 1173 2985 temporumque
1195 2917 1245 2961 se·

137 3086 141 3091 .
204 2999 280 3082 ries,
304 3023 409 3092 quum
432 2998 499 3062 iam
520 3019 591 3065 non
612 2996 649 3061 in
661 2996 893 3064 Demosthenis
915 2995 998 3080 solo,
1020 2995 1078 3064 sed
1100 2997 1139 3063 in
1153 3014 1247 3068 utro·
1270 3076 1273 3081 ,

120 3156 130 3168 ,.
206 3129 289 3198 que,
319 3102 554 3169 Demosthenis
585 3117 618 3166 et
651 3098 882 3182 Callisthenis,
908 3099 1045 3169 decreto
1078 3103 1247 3170 mensium

205 3209 343 3286 nomina
371 3205 569 3298 dierumque
598 3228 756 3273 numeros
787 3202 979 3296 depravatos
1008 3228 1076 3272 esse
1098 3222 1248 3274 statuen·
1282 3214 1287 3221 '

206 3309 288 3376 dum
308 3311 361 3391 sit,
384 3308 445 3376 alia
468 3311 535 3375 iam
547 3306 791 3401 depravationis
811 3309 864 3376 via
886 3331 925 3375 ae
947 3306 1031 3375 ratio
1054 3308 1247 3401 quaerentia

206 3416 279 3494 erit,
302 3436 340 3480 ac
364 3437 578 3506 quamsupra
599 3411 828 3480 indicavimus.
872 3411 912 3478 In
935 3437 1002 3506 qua
1023 3429 1091 3480 tam
1112 3415 1246 3508 spinosa
1291 3444 1293 3451 ·

205 3519 342 3584 materia
364 3516 493 3608 nullam
514 3538 623 3610 prope
654 3516 758 3586 fateor
778 3514 954 3603 meliorem
984 3518 1127 3611 reperiri
1147 3540 1250 3612 posse·

203 3731 516 3750 W

122 3908 127 3916 t
206 3829 209 3832 ἡ
239 3840 243 3846 ⁵
289 3892 322 3931 re
324 3869 393 3930 seert
424 3857 478 3940 ὥς
488 3887 526 3929 ου
511 3860 595 3930 ’ciet'
611 3867 821 3951 θορυβεῖσθαι
842 3870 888 3955 τῷ
908 3867 1159 3954 παρεληλυθέναι
1183 3865 1244 3933 ot-

241 4018 245 4023 ,
290 3959 404 4018 tannae
425 3949 498 4016 ti'oto
511 3954 639 4032 Πυλῶν,
663 3978 696 4016 ac
719 3959 741 4016 si
764 3957 848 4019 simul
871 3981 963 4043 quum
984 3959 1070 4042 legati
1084 3960 1244 4020 AthenIeu·

291 4065 336 4103 ses
351 4044 476 4103 Athenas
491 4064 525 4103 ex
543 4042 714 4104 Macedonia
735 4044 883 4124 redierint,
904 4045 1081 4133 Philippus
1073 4067 1128 4105 tam
1146 4045 1245 4107 Ther-

290 4130 420 4214 mopylas
441 4144 617 4215 occupasset.
1026 4152 1031 4181 t
