2594 4672
526 191 685 369 As
713 276 720 286 ,

84 431 129 499 ad
152 428 352 524 exigendum
374 455 392 496 a
415 428 574 523 Philippo
595 429 687 522 pacis
716 430 769 496 ius
791 426 1002 495 iurandum
992 453 1030 495 ιιι
1053 429 1128 496 Ma·

84 537 260 604 codonium
282 534 585 636 proficiscerentur.
629 531 811 626 Philippus
830 550 941 599 autem
961 533 1022 600 'ubi
1042 533 1127 601 haec

83 640 226 706 Athenis
249 639 486 731 agebantur,
475 663 513 706 ιιι
533 618 677 705 Thracia
699 629 953 729 Cersobleptem
980 634 1128 704 debella-

82 745 151 810 bat.
197 725 249 810 lbi
270 767 376 834 quum
396 766 504 836 prope
518 741 763 809 Chersonesum
783 759 980 821 versaretur,
1002 742 1128 810 Demo·
1165 744 1167 748 ⁴

82 849 215 922 sthenes
236 865 399 929 metuens,
420 872 464 914 ne
480 870 595 913 rerum
607 845 1127 939 opportunitateAtheniensium

81 953 282 1020 detrimento
320 953 511 1032 abuteretur
543 949 737 1042 Philippus,
774 946 935 1040 quamdiu
965 950 1040 1016 iure
1073 951 1127 1016 iu-

80 1057 189 1125 rando
211 1082 282 1125 nou
304 1073 389 1123 esset
410 1056 601 1136 obstrictus,
631 1053 732 1144 legati
760 1073 799 1120 ut
826 1077 930 1145 quam
951 1051 1127 1121 celerrime

49 1156 54 1164 ‘
81 1163 167 1229 urbe
199 1161 331 1228 abirent
362 1161 512 1252 primum
539 1160 658 1240 suasit,
692 1156 815 1226 deinde
841 1158 926 1224 facta
953 1182 971 1223 a
998 1156 1127 1259 populo

80 1265 290 1339 festinandae
327 1263 512 1356 legatorum
537 1263 765 1356 ‘profectionis
803 1263 934 1330 senatui
981 1263 1127 1329 auctori-

38 1416 41 1424 ·
81 1390 165 1452 tam,
188 1371 261 1464 ipse
282 1385 415 1436 senator
436 1365 607 1435 decretum
628 1365 721 1448 tulit,
750 1383 788 1434 ut
817 1365 919 1460 legati
947 1391 1049 1459 quam
1078 1367 1128 1433 ci·

81 1477 209 1544 tissime
232 1470 375 1540 Athenis
396 1470 578 1553 solverent,
607 1495 730 1563 sosque
760 1472 931 1538 Proxenus
954 1469 1034 1553 dux,
1057 1473 1126 1563 ‘qui

81 1603 182 1648 naves
203 1575 246 1646 ad
270 1576 413 1657 Orcum,
439 1576 596 1643 Euboeae
618 1573 748 1656 urbem,
770 1576 808 1641 in
831 1575 960 1642 ancoris
982 1576 1126 1658 tenebat,

82 1685 286 1774 ubicumque
306 1680 485 1776 Philippus
508 1697 709 1762 versaretur,
740 1677 930 1747 deduceret.
982 1678 1125 1747 Deml.
1225 1683 1228 1686 ’

82 1812 110 1856 c.
132 1813 168 1880 p
190 1788 265 1866 388,
286 1787 363 1877 389.

169 1891 297 1960 Verum
318 1891 356 1956 hi
388 1910 494 1984 quum
521 1888 673 1981 neglecto
701 1886 1017 1956 senatusconsulto
1039 1905 1128 1957 terra

80 2021 145 2090 per
173 1993 293 2062 multas
323 1994 474 2086 ambages
503 2010 611 2061 essent
638 1991 824 2085 proiecti
814 2016 852 2058 ιιι
880 1991 1126 2076 Macedoniam,

83 2101 327 2193 quinquaginta
359 2098 490 2165 dierum
518 2113 649 2190 tempus
682 2114 982 2191 consumpserunt,
1018 2095 1128 2165 donec

76 2203 263 2302 Philippus
294 2200 458 2269 debellato
485 2200 720 2292 Cersoblepte,
748 2221 782 2270 et
813 2203 972 2284 Dorisco,
1004 2201 1127 2269 Hiero-
1169 2280 1172 2285 4

81 2329 179 2384 ιιοιο,
202 2304 343 2396 aliisque
365 2303 517 2385 castellis,
540 2329 626 2396 quae
647 2305 689 2371 ab
702 2305 960 2373 Atheniensium
977 2307 1127 2374 exercitu
1226 2341 1227 2346 ¹

82 2406 398 2489 custodiebantur,
388 2432 424 2473 ιιι
450 2425 647 2500 potestatem
680 2415 774 2475 suam
802 2409 960 2491 redactis,
997 2409 1127 2479 Pellam
1229 2418 1232 2425 ‘

78 2537 231 2581 reversus
254 2529 312 2579 cst.
357 2512 456 2581 Dem.
482 2539 516 2582 π.
539 2537 679 2601 παραπρ.
700 2537 735 2604 p.
754 2512 880 2604 390.*)
923 2515 989 2581 Hic
1019 2516 1127 2583 conti

78 2641 150 2691 nuo
164 2615 343 2709 Philippus
360 2641 452 2685 arma
463 2615 505 2682 ad
520 2618 586 2685 iter
603 2617 775 2684 Phocense
791 2617 929 2710 parabat
943 2618 1077 2708 (Aesch.
1100 2617 1126 2687 l.

78 2746 110 2788 c.
132 2745 167 2814 p.
190 2728 228 2808 ιιι
255 2720 344 2806 fidi
367 2723 443 2807 in.),
466 2720 733 2814 adveneruntque
761 2716 867 2789 simul
885 2721 1127 2793 Thebanorum

78 2842 114 2893 et
135 2825 480 2894 Lacedaemoniorum
501 2826 636 2913 (Aesch.
666 2823 688 2890 l.
718 2849 746 2893 c.
765 2850 810 2918 p.
831 2826 870 2912 4¹
904 2844 986 2895 extr.
1008 2853 1060 2923 sq.
1081 2830 1127 2917 46

75 2956 125 2999 m.
170 2933 266 2997 Dent.
290 2929 312 2996 l.
336 2953 364 2998 c.
386 2956 420 3024 p.
444 2929 539 3022 384),
571 2927 808 2997 Thessalorum
833 2928 965 3015 (Aeseh.
991 2929 1014 2999 i
1037 2957 1067 3000 c.
1089 2959 1124 3026 p.

62 3034 128 3120 -464
154 3036 216 3126 m.)
249 3034 467 3129 ipsorumque
473 3083 485 3117 ,
517 3051 556 3102 ut
586 3033 735 3116 videtur,
766 3033 993 3103 Phocensium
1024 3036 1126 3129 legati

77 3139 192 3228 (Dem.
214 3137 302 3207 Phil.
324 3139 387 3222 111,
409 3165 445 3233 p.
472 3137 623 3230 113)**):
645 3139 811 3206 nimirum
824 3139 989 3223 Thebani,
1011 3158 1050 3209 ut
1064 3165 1125 3212 suc

123 3472 324 3554 >Aeschines
345 3474 430 3535 simul
458 3495 524 3537 cum
545 3470 708 3559 Philippo
711 3495 747 3536 ex
768 3475 892 3538 Thracia
917 3476 1058 3540 mdeucte
1080 3479 1125 3539 le-

165 3578 247 3643 gatos
267 3562 377 3623 Pellam
397 3560 546 3623 advenisse
567 3547 715 3623 contentbt
742 3584 775 3625 π.
797 3584 941 3668 mimi
967 3589 998 3648 p.
1019 3563 1059 3636 dt
1085 3589 1124 3626 m.
1172 3618 1177 3633 ‚

24 3707 27 3712 .
164 3650 213 3710 De
235 3649 373 3711 Thracica
394 3649 447 3711 hac
468 3649 597 3732 Philippi
619 3648 815 3815 expeditione,
835 3654 941 3714 intest
932 3655 1024 3824 ipsam
1044 3655 1124 3736 pacis

165 3736 329 3818 pactionem
356 3751 504 3822 suscepta,
538 3737 611 3798 infra
654 3757 718 3822 cap.
748 3737 793 3798 IV
846 3762 890 3801 nr.
923 3758 934 3800 ι

53 3870 56 3876 .
165 3843 291 3903 agemus.

123 3907 160 3992 *)
190 3908 251 3971 sed
283 3910 313 3969 hi
342 3909 469 3972 focace
491 3924 602 3992 postea.
654 3909 815 3973 Comitatus
847 3916 924 3974 enim
957 3935 1008 3974 ecs
1042 3913 1072 3972 h.
1101 3912 1122 3971 l.

164 3997 374 4056 Demosthenes
403 3995 472 4061 dicit
500 3997 669 4096 Philippum
700 4020 778 4080 esse,
811 4023 904 4086 quum
934 4001 990 4061 iter
1015 4001 1071 4060 ism
1092 4000 1122 4058 in

165 4082 324 4145 Phocidem
346 4082 461 4145 ἶνκιθι.
511 4108 531 4127 2
578 4142 588 4148 ..

987 3739 1124 3824 pluribus
