2594 4672
617 243 773 349 Q-

174 415 211 484 8.
236 414 311 494 XV,
333 415 391 503 89.¹
422 414 521 479 *Pace
549 413 649 504 igitur
680 413 743 479 hac
773 411 867 479 nulla
899 406 939 480 e‘x
960 430 1054 506 parte
1088 429 1214 482 mutata

86 580 92 588 ,
170 513 225 587 ¹est
255 518 413 590 Graeciae
441 516 608 597 conditio,
639 514 697 584 sed
728 518 832 584 maior
860 516 940 583 inde
976 519 1075 583 etiam
1104 515 1146 585 lis
1175 542 1215 586 ac

79 655 85 661 ’
175 622 539 717 perturbatioinitium
560 622 652 713 cepit
672 622 774 709 (Xen.
798 620 886 687 Hell.
905 620 980 700 Vll,
1006 615 1035 700 5,
1059 622 1126 710 27),
1149 621 1215 688 La·
1282 651 1284 655 ·

175 725 399 809 cedaemoniis
420 725 601 815 pristinum
623 725 658 789 in
693 722 926 816 Peloponneso>
948 744 1062 790 rerum
1090 740 1219 792 statum*

175 833 348 903 restituere
371 828 598 920 cupientibus,
626 831 663 895 in
686 826 827 907 Hellade
847 827 1014 916 Thebanis
1037 826 1214 896 extendere

173 936 402 1030 principatum
425 933 631 1012 conantibus,
653 932 913 1000 Atheniensibus
936 948 1052 998 contra
1077 930 1153 1000 odio
1175 935 1213 1000 in

173 1064 230 1108 eos
258 1061 423 1131 perquam
454 1037 656 1103 exacerbatis
686 1061 748 1129 pro
784 1038 934 1128 potentia
961 1061 1019 1102 sua
1053 1037 1211 1104 acerrime

172 1142 400 1234 vigilantibus.
442 1139 594 1215 Inde-ab
623 1140 761 1233 Olymp.
785 1136 813 1207 C
842 1167 869 1207 a.
897 1138 936 1225 4,
965 1143 1031 1232 quo
1063 1162 1209 1234 tempore

172 1271 291 1338 magna
316 1245 521 1337 Graecarum
544 1245 726 1311 civitatium
746 1268 824 1335 pars
855 1244 897 1311 ad
918 1243 1034 1313 foedus
1057 1244 1210 1312 adversus
1260 1274 1262 1278 ·

172 1349 455 1417 Lacedaemonios
477 1348 663 1416 ineundum
687 1351 791 1416 accita
813 1366 879 1430 est,
903 1348 1036 1415 Euboea
1059 1351 1213 1418 universa

171 1471 304 1548 praeter
332 1454 511 1520 Histiaeam
545 1453 754 1520 Athenarum
770 1474 774 1494 ⁵
785 1453 874 1520 socia
905 1451 977 1519 fuit.
1035 1451 1137 1520 Diod.
1177 1452 1213 1523 S.

124 1579 127 1588 ’
172 1559 250 1640 XV,
274 1560 326 1627 30.
371 1557 478 1623 Huius
492 1556 628 1645 insulae
651 1575 716 1623 tres
733 1576 828 1632 erant
842 1558 1038 1651 praecipuae
1058 1559 1214 1640 civitates,

175 1662 329 1745 Chalcis,
360 1661 489 1729 Eretria
512 1681 552 1729 et·
567 1662 691 1741 Oreos,
725 1661 870 1728 Histiaea
898 1660 1070 1752 quondam
1089 1680 1214 1744 vocata,

169 1791 260 1860 quae
290 1767 529 1860 posterioribus
556 1765 627 1831 his
629 1766 833 1857 praesertim
862 1765 1067 1856 temporibus
1090 1768 1216 1858 partim

157 1896 193 1948 ..a
227 1872 376 1964 tyrannis
403 1870 606 1960 regebantur
634 1887 672 1935 ut
695 1867 824 1935 Chalcis
828 1869 1061 1970 Eretriaque,
1092 1871 1215 1963 partim

173 1974 294 2069 populi
316 1974 543 2045 dominatione
565 1990 603 2047 ut
625 1973 741 2040 Oreos.
777 1971 827 2039 Cf.
851 1973 1011 2040 Aesch.
1002 1997 1038 2038 111
1062 1972 1150 2041 Ctes.
1178 2000 1213 2068 p.

173 2081 218 2149 66
239 2104 289 2171 sq.
335 2079 405 2145 Hae
427 2104 504 2146 cum
539 2095 756 2169 tyrannorum
785 2079 874 2144 inter
902 2101 937 2144 se
965 2079 1214 2160 certaminibus,

123 2230 125 2237 ι
173 2203 245 2256 tum
274 2182 455 2251 factionum
489 2183 614 2250 turbis
630 2174 823 2274 frequenter
857 2181 1106 2250 infestabantur.
1158 2170 1216 2251 Iri·

175 2290 303 2361 testinis
326 2289 429 2382 igitur
450 2288 503 2355 bis
525 2287 677 2355 motibus
691 2287 921 2369 Athenienses,
945 2310 1091 2380 quorum
1114 2312 1216 2381 quam

157 2393 358 2486 ‚plurimum
375 2395 545 2474 intererat,
566 2409 606 2458 ut
618 2393 683 2460 sibi
698 2392 944 2460 Euhoeensium
962 2393 1125 2482 integram
1146 2416 1216 2459 ser-

146 2516 288 2569 ,vare'nt
318 2501 523 2578 societatem,
557 2520 660 2589 saepe
693 2495 745 2563 his
784 2498 989 2590 temporibus
1024 2493 1152 2562 auxilia]
1175 2497 1213 2562 in
1270 2579 1272 2584 Ι

172 2604 347 2671 Euboeam
368 2605 499 2671 mittere
521 2601 734 2690 cogebantur.
778 2599 953 2668 Eiusmodi
973 2598 1103 2690 seditio,
1125 2599 1214 2666 The-
1238 2655 1240 2658 Α

171 2707 338 2786 banorum
366 2702 465 2779 haud·
484 2702 585 2768 dubie
614 2703 821 2794 principatus
856 2701 1040 2796 cupiditate
1067 2705 1211 2784 excitata,

85 2798 88 2802 ¹
172 2811 320 2902 partium
342 2808 556 2875 contentione
578 2823 650 2872 orta
672 2822 721 2871 est
743 2804 879 2900 Olymp.
904 2805 975 2889 CV,
998 2809 1036 2891 3,
1064 2807 1211 2876 Diodoro

165 2930 258 3005 teste·
277 2912 377 2990 XVI,
409 2935 440 3000 7,
461 2910 556 2993 breti
578 2926 928 3003 tempore-antequam
948 2908 1091 2993 bellum,
1121 2910 1213 3005 quod

172 3015 294 3084 sociale
308 3033 454 3096 vocatur,
477 3014 613 3082 initium
629 3031 771 3105 caperet.
815 3016 1026 3083 Euhoeenses
1040 3035 1112 3083 tum
1126 3019 1212 3086 exci-

172 3122 248 3188 tatis
280 3122 371 3188 inter
398 3145 433 3186 se
456 3118 618 3201 dissidiis,
650 3116 708 3185 alii
730 3119 986 3204 Thebanorum,
1021 3120 1079 3186 alii
1109 3123 1213 3190 Athe-
1282 3186 1284 3189 ,

116 3309 121 3318 Α
172 3201 342 3291 niensium
364 3207 550 3291 subsidium
570 3222 812 3318 implorabant.
857 3226 973 3318 Itaque
1003 3223 1130 3293 bellum
1151 3249 1213 3321 per

117 3333 119 3337 ’
172 3327 345 3396 Euboeam
366 3345 516 3405 exortum
546 3345 604 3409 est,
626 3351 694 3420 quo
721 3327 880 3396 Thebani
895 3328 996 3396 modo
1027 3331 1214 3420 superiores

162 3448 286 3517 erant,¹
299 3428 399 3499 modo
420 3432 652 3513 Athenienses,
673 3430 782 3501 donec
804 3432 914 3500 insula
934 3457 997 3526 per
1011 3433 1139 3501 bellum
1160 3437 1215 3501 in·

172 3537 330 3603 teatinum
344 3552 487 3619 ¹vastata,
517 3535 691 3630 multaque
717 3530 894 3605 hominum
917 3536 1020 3610 caede
1049 3537 1138 3607 ultro
1170 3540 1216 3606 ci-

171 3657 292 3733 troque
313 3657 458 3732 peracta,
481 3641 691 3709 Euhoeenses
713 3642 892 3710 concordia
905 3643 1081 3710 instaurata
1097 3668 1217 3735 pacem

170 3745 317 3812 interae
339 3745 549 3839 constituere.
594 3745 684 3812 Haec
703 3746 841 3814 Diodor.
864 3745 886 3812 l.
910 3771 950 3828 c.,
974 3770 1081 3839 aquo
1104 3765 1217 3816 tamen

171 3847 211 3917 id
232 3848 390 3916 omissum
405 3854 470 3930 est,
492 3850 595 3917 victos
618 3849 659 3916 ab
681 3849 942 3917 Atheniensibus
963 3852 1140 3920 Thebanos
1162 3853 1217 3918 in-

170 3951 243 4019 sula
265 3945 452 4021 decessisse.
498 3951 638 4046 Saepius
660 3954 751 4020 enim
762 3953 947 4022 subsidium
962 3956 1026 4026 hoc
1039 3957 1217 4024 Euhoeen-

167 4055 264 4133 sibus
285 4056 393 4128 latum
415 4083 434 4126 a
454 4057 680 4128 Demosthene
708 4056 876 4142 adfertur,
904 4059 963 4127 ubi
998 4057 1081 4152 quid
1108 4058 1217 4132 celere

122 4244 126 4251 .
232 4200 241 4232 Ι
