<?xml version="1.0" encoding="UTF-8"?>
<!DOCTYPE html PUBLIC "-//W3C//DTD XHTML 1.0 Transitional//EN"
    "http://www.w3.org/TR/xhtml1/DTD/xhtml1-transitional.dtd">
<html xmlns="http://www.w3.org/1999/xhtml" xml:lang="en" lang="en">
 <head>
  <title>
</title>
<meta http-equiv="Content-Type" content="text/html;charset=utf-8" />
  <meta name='ocr-system' content='tesseract 3.04.00' />
  <meta name='ocr-capabilities' content='ocr_page ocr_carea ocr_par ocr_line ocrx_word'/>
</head>
<body>
  <div class='ocr_page' id='page_1' title='image "./commentariihist00wiengoog_0376.png"; bbox 0 0 2594 4672; ppageno 0'>
   <div class='ocr_carea' id='block_1_1' title="bbox 386 251 652 375">
    <p class='ocr_par' dir='ltr' id='par_1_1' title="bbox 386 251 652 375">
     <span class='ocr_line' id='line_1_1' title="bbox 386 251 652 375; baseline -0.004 1"><span class='ocrx_word' id='word_1_1' title='bbox 386 251 652 375; x_wconf 57' lang='lat' dir='ltr'><strong>”ru-</strong></span> 
     </span>
    </p>
   </div>
   <div class='ocr_carea' id='block_1_2' title="bbox 10 429 1198 3212">
    <p class='ocr_par' dir='ltr' id='par_1_2' title="bbox 21 429 1095 838">
     <span class='ocr_line' id='line_1_2' title="bbox 59 429 1092 525; baseline -0.008 -21"><span class='ocrx_word' id='word_1_2' title='bbox 59 438 157 517; x_wconf 89' lang='lat' dir='ltr'><strong>ClX,</strong></span> <span class='ocrx_word' id='word_1_3' title='bbox 179 435 211 520; x_wconf 74' lang='grc'><strong>4,</strong></span> <span class='ocrx_word' id='word_1_4' title='bbox 235 456 399 525; x_wconf 85' lang='lat' dir='ltr'><strong>eponymo</strong></span> <span class='ocrx_word' id='word_1_5' title='bbox 422 433 634 514; x_wconf 73' lang='lat' dir='ltr'><strong>Nicomacho,</strong></span> <span class='ocrx_word' id='word_1_6' title='bbox 657 431 832 499; x_wconf 83' lang='lat' dir='ltr'><strong>referenda</strong></span> <span class='ocrx_word' id='word_1_7' title='bbox 854 429 1012 512; x_wconf 85' lang='lat' dir='ltr'><strong>videatur,</strong></span> <span class='ocrx_word' id='word_1_8' title='bbox 1034 430 1092 496; x_wconf 72' lang='lat' dir='ltr'><strong>Ni-</strong></span> 
     </span>
     <span class='ocr_line' id='line_1_3' title="bbox 59 537 1093 612; baseline -0.008 -4"><span class='ocrx_word' id='word_1_9' title='bbox 59 544 145 608; x_wconf 86' lang='lat' dir='ltr'><strong>ciam</strong></span> <span class='ocrx_word' id='word_1_10' title='bbox 167 559 276 606; x_wconf 88' lang='lat' dir='ltr'><strong>tamen</strong></span> <span class='ocrx_word' id='word_1_11' title='bbox 308 563 346 602; x_wconf 80' lang='lat' dir='ltr'><strong>ex</strong></span> <span class='ocrx_word' id='word_1_12' title='bbox 376 538 440 604; x_wconf 94' lang='lat' dir='ltr'><strong>hoc</strong></span> <span class='ocrx_word' id='word_1_13' title='bbox 470 546 587 603; x_wconf 84' lang='lat' dir='ltr'><strong>nattim</strong></span> <span class='ocrx_word' id='word_1_14' title='bbox 609 538 758 603; x_wconf 90' lang='lat' dir='ltr'><strong>iudicare</strong></span> <span class='ocrx_word' id='word_1_15' title='bbox 779 561 849 604; x_wconf 91' lang='lat' dir='ltr'><strong>non</strong></span> <span class='ocrx_word' id='word_1_16' title='bbox 873 537 1010 612; x_wconf 85' lang='lat' dir='ltr'><strong>omnino</strong></span> <span class='ocrx_word' id='word_1_17' title='bbox 1033 560 1093 600; x_wconf 89' lang='lat' dir='ltr'><strong>nc-</strong></span> 
     </span>
     <span class='ocr_line' id='line_1_4' title="bbox 21 639 1095 712; baseline -0.004 -2"><span class='ocrx_word' id='word_1_18' title='bbox 21 647 147 712; x_wconf 78' lang='lat' dir='ltr'><strong>&#39;·cesso</strong></span> <span class='ocrx_word' id='word_1_19' title='bbox 174 644 226 708; x_wconf 89' lang='lat' dir='ltr'><strong>sit.</strong></span> <span class='ocrx_word' id='word_1_20' title='bbox 278 640 503 706; x_wconf 85' lang='lat' dir='ltr'><strong>Nihilominus</strong></span> <span class='ocrx_word' id='word_1_21' title='bbox 531 641 645 706; x_wconf 84' lang='lat' dir='ltr'><strong>Niciae</strong></span> <span class='ocrx_word' id='word_1_22' title='bbox 682 640 781 706; x_wconf 91' lang='lat' dir='ltr'><strong>huius</strong></span> <span class='ocrx_word' id='word_1_23' title='bbox 800 641 906 705; x_wconf 80' lang='lat' dir='ltr'><strong>ratio</strong></span> <span class='ocrx_word' id='word_1_24' title='bbox 937 639 1095 706; x_wconf 85' lang='lat' dir='ltr'><strong>abhorret</strong></span> 
     </span>
     <span class='ocr_line' id='line_1_5' title="bbox 59 742 1093 838; baseline -0.007 -24"><span class='ocrx_word' id='word_1_25' title='bbox 59 743 235 836; x_wconf 83' lang='lat' dir='ltr'><strong>a-reliquis</strong></span> <span class='ocrx_word' id='word_1_26' title='bbox 257 743 548 838; x_wconf 78' lang='lat' dir='ltr'><strong>pseudeponymis,</strong></span> <span class='ocrx_word' id='word_1_27' title='bbox 572 746 631 834; x_wconf 90' lang='lat' dir='ltr'><strong>qui</strong></span> <span class='ocrx_word' id='word_1_28' title='bbox 655 747 733 810; x_wconf 91' lang='lat' dir='ltr'><strong>actis</strong></span> <span class='ocrx_word' id='word_1_29' title='bbox 755 761 883 809; x_wconf 88' lang='lat' dir='ltr'><strong>senatus</strong></span> <span class='ocrx_word' id='word_1_30' title='bbox 898 742 1093 834; x_wconf 88' lang='lat' dir='ltr'><strong>populique,</strong></span> 
     </span>
    </p>

    <p class='ocr_par' dir='ltr' id='par_1_3' title="bbox 10 846 1094 939">
     <span class='ocr_line' id='line_1_6' title="bbox 10 846 1094 939; baseline -0.005 -21"><span class='ocrx_word' id='word_1_31' title='bbox 10 847 13 853; x_wconf 69' lang='grc'><strong><em>’</em></strong></span> <span class='ocrx_word' id='word_1_32' title='bbox 59 850 201 918; x_wconf 90' lang='lat' dir='ltr'><strong>orationi</strong></span> <span class='ocrx_word' id='word_1_33' title='bbox 224 848 266 921; x_wconf 80' lang='lat' dir='ltr'><strong>de</strong></span> <span class='ocrx_word' id='word_1_34' title='bbox 288 871 355 929; x_wconf 90' lang='lat' dir='ltr'><strong>cor.</strong></span> <span class='ocrx_word' id='word_1_35' title='bbox 380 849 520 928; x_wconf 89' lang='lat' dir='ltr'><strong>insertis,</strong></span> <span class='ocrx_word' id='word_1_36' title='bbox 542 847 736 939; x_wconf 81' lang='lat' dir='ltr'><strong>praescripti</strong></span> <span class='ocrx_word' id='word_1_37' title='bbox 767 863 853 912; x_wconf 85' lang='lat' dir='ltr'><strong>sunt.</strong></span> <span class='ocrx_word' id='word_1_38' title='bbox 903 846 979 912; x_wconf 92' lang='lat' dir='ltr'><strong>Non</strong></span> <span class='ocrx_word' id='word_1_39' title='bbox 1003 849 1094 913; x_wconf 89' lang='lat' dir='ltr'><strong>enim</strong></span> 
     </span>
    </p>

    <p class='ocr_par' dir='ltr' id='par_1_4' title="bbox 12 942 1153 1446">
     <span class='ocr_line' id='line_1_7' title="bbox 12 942 1123 1042; baseline -0.006 -20"><span class='ocrx_word' id='word_1_40' title='bbox 12 953 13 956; x_wconf 26' lang='lat'>¹</span> <span class='ocrx_word' id='word_1_41' title='bbox 56 954 166 1022; x_wconf 79' lang='lat' dir='ltr'><strong>verbis</strong></span> <span class='ocrx_word' id='word_1_42' title='bbox 189 952 236 1018; x_wconf 79' lang='lat' dir='ltr'><strong>inl</strong></span> <span class='ocrx_word' id='word_1_43' title='bbox 258 954 367 1018; x_wconf 86' lang='grc' dir='ltr'><strong><em>Νικίου</em></strong></span> <span class='ocrx_word' id='word_1_44' title='bbox 391 942 525 1016; x_wconf 81' lang='lat' dir='ltr'><strong>additur</strong></span> <span class='ocrx_word' id='word_1_45' title='bbox 546 951 707 1038; x_wconf 74' lang='grc' dir='ltr'><strong><em>ἄρχοντας,</em></strong></span> <span class='ocrx_word' id='word_1_46' title='bbox 733 948 824 1042; x_wconf 91' lang='lat' dir='ltr'><strong>quod</strong></span> <span class='ocrx_word' id='word_1_47' title='bbox 843 950 881 1016; x_wconf 84' lang='lat' dir='ltr'><strong>fit</strong></span> <span class='ocrx_word' id='word_1_48' title='bbox 903 951 939 1014; x_wconf 94' lang='lat' dir='ltr'><strong>in</strong></span> <span class='ocrx_word' id='word_1_49' title='bbox 954 947 1094 1040; x_wconf 89' lang='lat' dir='ltr'><strong>reliquis</strong></span> <span class='ocrx_word' id='word_1_50' title='bbox 1119 947 1123 952; x_wconf 63' lang='grc'><strong>’</strong></span> 
     </span>
     <span class='ocr_line' id='line_1_8' title="bbox 58 1053 1153 1149; baseline -0.005 -25"><span class='ocrx_word' id='word_1_51' title='bbox 58 1057 224 1126; x_wconf 90' lang='lat' dir='ltr'><strong>omnibus.</strong></span> <span class='ocrx_word' id='word_1_52' title='bbox 269 1053 370 1119; x_wconf 86' lang='lat' dir='ltr'><strong>Unde</strong></span> <span class='ocrx_word' id='word_1_53' title='bbox 392 1053 574 1149; x_wconf 76' lang='lat' dir='ltr'><strong>clarissime</strong></span> <span class='ocrx_word' id='word_1_54' title='bbox 596 1054 723 1144; x_wconf 79' lang='lat' dir='ltr'><strong>liquet,</strong></span> <span class='ocrx_word' id='word_1_55' title='bbox 747 1070 891 1118; x_wconf 80' lang='lat' dir='ltr'><strong>extrema</strong></span> <span class='ocrx_word' id='word_1_56' title='bbox 914 1054 1095 1118; x_wconf 90' lang='lat' dir='ltr'><strong>testimonii</strong></span> <span class='ocrx_word' id='word_1_57' title='bbox 1151 1082 1153 1087; x_wconf 48' lang='lat'><strong>¹</strong></span> 
     </span>
     <span class='ocr_line' id='line_1_9' title="bbox 58 1149 1096 1242; baseline -0.004 -17"><span class='ocrx_word' id='word_1_58' title='bbox 58 1161 174 1226; x_wconf 87' lang='lat' dir='ltr'><strong>verba:</strong></span> <span class='ocrx_word' id='word_1_59' title='bbox 198 1149 288 1230; x_wconf 75' lang='grc' dir='ltr'><strong><em>αὗται</em></strong></span> <span class='ocrx_word' id='word_1_60' title='bbox 312 1153 513 1239; x_wconf 73' lang='grc' dir='ltr'><strong><em>ἀπείόθὴσαυ</em></strong></span> <span class='ocrx_word' id='word_1_61' title='bbox 535 1155 568 1220; x_wconf 82' lang='grc' dir='ltr'><strong>αἳ</strong></span> <span class='ocrx_word' id='word_1_62' title='bbox 588 1159 756 1242; x_wconf 82' lang='grc' dir='ltr'><strong><em>μαρτυρίαι</em></strong></span> <span class='ocrx_word' id='word_1_63' title='bbox 778 1159 826 1221; x_wconf 76' lang='grc' dir='ltr'><strong>ἐπὶ</strong></span> <span class='ocrx_word' id='word_1_64' title='bbox 847 1159 973 1236; x_wconf 83' lang='grc' dir='ltr'><strong><em>Νικίου,</em></strong></span> <span class='ocrx_word' id='word_1_65' title='bbox 1003 1153 1096 1222; x_wconf 77' lang='lat' dir='ltr'><strong>‘Ena-</strong></span> 
     </span>
     <span class='ocr_line' id='line_1_10' title="bbox 59 1249 1096 1347; baseline -0.003 -16"><span class='ocrx_word' id='word_1_66' title='bbox 59 1267 255 1346; x_wconf 82' lang='grc' dir='ltr'><strong><em>τομβαιῶνος</em></strong></span> <span class='ocrx_word' id='word_1_67' title='bbox 271 1262 365 1347; x_wconf 81' lang='grc' dir='ltr'><strong><em>’τρίτῃ</em></strong></span> <span class='ocrx_word' id='word_1_68' title='bbox 388 1259 553 1342; x_wconf 78' lang='grc' dir='ltr'><strong><em>ίσταμίνου</em></strong></span> <span class='ocrx_word' id='word_1_69' title='bbox 581 1281 652 1324; x_wconf 92' lang='lat' dir='ltr'><strong>non</strong></span> <span class='ocrx_word' id='word_1_70' title='bbox 682 1259 700 1322; x_wconf 87' lang='lat' dir='ltr'><strong>a</strong></span> <span class='ocrx_word' id='word_1_71' title='bbox 729 1260 910 1324; x_wconf 84' lang='lat' dir='ltr'><strong>recentiori</strong></span> <span class='ocrx_word' id='word_1_72' title='bbox 942 1257 1001 1326; x_wconf 91' lang='lat' dir='ltr'><strong>illo</strong></span> <span class='ocrx_word' id='word_1_73' title='bbox 1024 1249 1096 1328; x_wconf 87' lang='lat' dir='ltr'><strong>viro</strong></span> 
     </span>
     <span class='ocr_line' id='line_1_11' title="bbox 61 1359 1097 1446; baseline -0.005 -13"><span class='ocrx_word' id='word_1_74' title='bbox 61 1365 171 1446; x_wconf 86' lang='lat' dir='ltr'><strong>doct0,</strong></span> <span class='ocrx_word' id='word_1_75' title='bbox 195 1364 249 1429; x_wconf 92' lang='lat' dir='ltr'><strong>cui</strong></span> <span class='ocrx_word' id='word_1_76' title='bbox 272 1361 482 1442; x_wconf 86' lang='lat' dir='ltr'><strong>decretorum</strong></span> <span class='ocrx_word' id='word_1_77' title='bbox 505 1361 647 1427; x_wconf 86' lang='lat' dir='ltr'><strong>orationi</strong></span> <span class='ocrx_word' id='word_1_78' title='bbox 670 1359 711 1425; x_wconf 88' lang='lat' dir='ltr'><strong>de</strong></span> <span class='ocrx_word' id='word_1_79' title='bbox 735 1384 800 1428; x_wconf 91' lang='lat' dir='ltr'><strong>cor.</strong></span> <span class='ocrx_word' id='word_1_80' title='bbox 823 1362 1025 1427; x_wconf 89' lang='lat' dir='ltr'><strong>insertorum</strong></span> <span class='ocrx_word' id='word_1_81' title='bbox 1039 1361 1097 1428; x_wconf 81' lang='lat' dir='ltr'><strong>de-</strong></span> 
     </span>
    </p>

    <p class='ocr_par' dir='ltr' id='par_1_5' title="bbox 11 1462 1155 1763">
     <span class='ocr_line' id='line_1_12' title="bbox 11 1462 1097 1555; baseline -0.006 -19"><span class='ocrx_word' id='word_1_82' title='bbox 11 1509 12 1512; x_wconf 34' lang='lat'><em>*</em></span> <span class='ocrx_word' id='word_1_83' title='bbox 59 1476 157 1536; x_wconf 85' lang='lat' dir='ltr'><strong>betur</strong></span> <span class='ocrx_word' id='word_1_84' title='bbox 179 1465 342 1546; x_wconf 84' lang='lat' dir='ltr'><strong>collectio,</strong></span> <span class='ocrx_word' id='word_1_85' title='bbox 364 1462 474 1531; x_wconf 75' lang='lat' dir='ltr'><strong>a‘ddita</strong></span> <span class='ocrx_word' id='word_1_86' title='bbox 498 1488 583 1542; x_wconf 90' lang='lat' dir='ltr'><strong>esse,</strong></span> <span class='ocrx_word' id='word_1_87' title='bbox 613 1463 671 1529; x_wconf 92' lang='lat' dir='ltr'><strong>sed</strong></span> <span class='ocrx_word' id='word_1_88' title='bbox 694 1464 734 1528; x_wconf 83' lang='lat' dir='ltr'><strong>ab</strong></span> <span class='ocrx_word' id='word_1_89' title='bbox 756 1465 828 1555; x_wconf 92' lang='lat' dir='ltr'><strong>ipso</strong></span> <span class='ocrx_word' id='word_1_90' title='bbox 842 1465 1097 1549; x_wconf 82' lang='lat' dir='ltr'><strong>-scribasecun-</strong></span> 
     </span>
     <span class='ocr_line' id='line_1_13' title="bbox 44 1558 1155 1661; baseline -0.003 -23"><span class='ocrx_word' id='word_1_91' title='bbox 44 1558 145 1641; x_wconf 27' lang='lat' dir='ltr'><strong>Ldum</strong></span> <span class='ocrx_word' id='word_1_92' title='bbox 166 1569 369 1661; x_wconf 85' lang='lat' dir='ltr'><strong>prytaniam,</strong></span> <span class='ocrx_word' id='word_1_93' title='bbox 400 1569 458 1658; x_wconf 89' lang='lat' dir='ltr'><strong>qui</strong></span> <span class='ocrx_word' id='word_1_94' title='bbox 486 1592 523 1632; x_wconf 88' lang='lat' dir='ltr'><strong>ea</strong></span> <span class='ocrx_word' id='word_1_95' title='bbox 552 1566 631 1633; x_wconf 91' lang='lat' dir='ltr'><strong>huic</strong></span> <span class='ocrx_word' id='word_1_96' title='bbox 658 1586 875 1635; x_wconf 90' lang='lat' dir='ltr'><strong>monumento</strong></span> <span class='ocrx_word' id='word_1_97' title='bbox 891 1571 974 1658; x_wconf 81' lang='lat' dir='ltr'><strong>&#39;ipse</strong></span> <span class='ocrx_word' id='word_1_98' title='bbox 1002 1567 1098 1635; x_wconf 85' lang='lat' dir='ltr'><strong>addi·</strong></span> <span class='ocrx_word' id='word_1_99' title='bbox 1152 1596 1155 1601; x_wconf 80' lang='grc'><strong>’</strong></span> 
     </span>
     <span class='ocr_line' id='line_1_14' title="bbox 62 1670 1125 1763; baseline -0.002 -23"><span class='ocrx_word' id='word_1_100' title='bbox 62 1673 159 1754; x_wconf 85' lang='lat' dir='ltr'><strong>derit,</strong></span> <span class='ocrx_word' id='word_1_101' title='bbox 183 1673 275 1763; x_wconf 91' lang='lat' dir='ltr'><strong>quod</strong></span> <span class='ocrx_word' id='word_1_102' title='bbox 296 1695 364 1738; x_wconf 89' lang='lat' dir='ltr'><strong>non</strong></span> <span class='ocrx_word' id='word_1_103' title='bbox 387 1671 430 1736; x_wconf 90' lang='lat' dir='ltr'><strong>ad</strong></span> <span class='ocrx_word' id='word_1_104' title='bbox 452 1687 521 1735; x_wconf 88' lang='lat' dir='ltr'><strong>acta</strong></span> <span class='ocrx_word' id='word_1_105' title='bbox 543 1688 673 1736; x_wconf 88' lang='lat' dir='ltr'><strong>senatus</strong></span> <span class='ocrx_word' id='word_1_106' title='bbox 694 1670 880 1763; x_wconf 90' lang='lat' dir='ltr'><strong>populique</strong></span> <span class='ocrx_word' id='word_1_107' title='bbox 901 1673 1096 1760; x_wconf 86' lang='lat' dir='ltr'><strong>pertineret,</strong></span> <span class='ocrx_word' id='word_1_108' title='bbox 1124 1752 1125 1756; x_wconf 7' lang='grc' dir='ltr'><strong>Ἰ</strong></span> 
     </span>
    </p>

    <p class='ocr_par' dir='ltr' id='par_1_6' title="bbox 12 1770 1198 3212">
     <span class='ocr_line' id='line_1_15' title="bbox 12 1770 1186 1871; baseline 0 -28"><span class='ocrx_word' id='word_1_109' title='bbox 12 1770 14 1776; x_wconf 55' lang='grc'><strong>’</strong></span> <span class='ocrx_word' id='word_1_110' title='bbox 63 1800 148 1871; x_wconf 89' lang='lat' dir='ltr'><strong>quac</strong></span> <span class='ocrx_word' id='word_1_111' title='bbox 177 1776 334 1868; x_wconf 89' lang='lat' dir='ltr'><strong>disposita</strong></span> <span class='ocrx_word' id='word_1_112' title='bbox 366 1775 405 1838; x_wconf 87' lang='lat' dir='ltr'><strong>in</strong></span> <span class='ocrx_word' id='word_1_113' title='bbox 439 1771 600 1853; x_wconf 85' lang='lat' dir='ltr'><strong>tabulario</strong></span> <span class='ocrx_word' id='word_1_114' title='bbox 642 1775 825 1841; x_wconf 89' lang='lat' dir='ltr'><strong>secundum</strong></span> <span class='ocrx_word' id='word_1_115' title='bbox 863 1775 1035 1841; x_wconf 82' lang='lat' dir='ltr'><strong>archontes</strong></span> <span class='ocrx_word' id='word_1_116' title='bbox 1066 1793 1100 1843; x_wconf 88' lang='lat' dir='ltr'><strong>et</strong></span> <span class='ocrx_word' id='word_1_117' title='bbox 1183 1802 1186 1810; x_wconf 64' lang='lat'><strong>¹</strong></span> 
     </span>
     <span class='ocr_line' id='line_1_16' title="bbox 61 1876 1099 1975; baseline -0.001 -29"><span class='ocrx_word' id='word_1_118' title='bbox 61 1882 232 1975; x_wconf 84' lang='lat' dir='ltr'><strong>prytanias</strong></span> <span class='ocrx_word' id='word_1_119' title='bbox 254 1879 352 1945; x_wconf 84' lang='lat' dir='ltr'><strong>fnisse</strong></span> <span class='ocrx_word' id='word_1_120' title='bbox 374 1878 561 1958; x_wconf 87' lang='lat' dir='ltr'><strong>statuimus,</strong></span> <span class='ocrx_word' id='word_1_121' title='bbox 595 1876 654 1943; x_wconf 90' lang='lat' dir='ltr'><strong>sed</strong></span> <span class='ocrx_word' id='word_1_122' title='bbox 682 1877 843 1969; x_wconf 85' lang='lat' dir='ltr'><strong>singulari</strong></span> <span class='ocrx_word' id='word_1_123' title='bbox 876 1877 966 1943; x_wconf 92' lang='lat' dir='ltr'><strong>haud</strong></span> <span class='ocrx_word' id='word_1_124' title='bbox 996 1877 1099 1946; x_wconf 90' lang='lat' dir='ltr'><strong>dubie</strong></span> 
     </span>
     <span class='ocr_line' id='line_1_17' title="bbox 61 1980 1100 2074; baseline -0.003 -22"><span class='ocrx_word' id='word_1_125' title='bbox 61 1984 174 2052; x_wconf 90' lang='lat' dir='ltr'><strong>loculo</strong></span> <span class='ocrx_word' id='word_1_126' title='bbox 205 1981 439 2074; x_wconf 81' lang='lat' dir='ltr'><strong>reponendum</strong></span> <span class='ocrx_word' id='word_1_127' title='bbox 474 1997 566 2046; x_wconf 88' lang='lat' dir='ltr'><strong>esset.</strong></span> <span class='ocrx_word' id='word_1_128' title='bbox 619 1980 660 2047; x_wconf 93' lang='lat' dir='ltr'><strong>Id</strong></span> <span class='ocrx_word' id='word_1_129' title='bbox 692 1981 784 2071; x_wconf 90' lang='lat' dir='ltr'><strong>quod</strong></span> <span class='ocrx_word' id='word_1_130' title='bbox 810 1983 927 2074; x_wconf 90' lang='lat' dir='ltr'><strong>utique</strong></span> <span class='ocrx_word' id='word_1_131' title='bbox 949 1999 1100 2049; x_wconf 74' lang='lat' dir='ltr'><strong>‘statuen-</strong></span> 
     </span>
     <span class='ocr_line' id='line_1_18' title="bbox 63 2085 1100 2181; baseline -0.001 -28"><span class='ocrx_word' id='word_1_132' title='bbox 63 2089 143 2154; x_wconf 89' lang='lat' dir='ltr'><strong>dum</strong></span> <span class='ocrx_word' id='word_1_133' title='bbox 167 2103 232 2166; x_wconf 87' lang='lat' dir='ltr'><strong>est,</strong></span> <span class='ocrx_word' id='word_1_134' title='bbox 255 2089 323 2152; x_wconf 89' lang='lat' dir='ltr'><strong>sive</strong></span> <span class='ocrx_word' id='word_1_135' title='bbox 346 2085 456 2150; x_wconf 88' lang='lat' dir='ltr'><strong>Nicias</strong></span> <span class='ocrx_word' id='word_1_136' title='bbox 479 2109 574 2149; x_wconf 89' lang='lat' dir='ltr'><strong>verus</strong></span> <span class='ocrx_word' id='word_1_137' title='bbox 605 2086 648 2150; x_wconf 91' lang='lat' dir='ltr'><strong>sit</strong></span> <span class='ocrx_word' id='word_1_138' title='bbox 677 2086 786 2152; x_wconf 89' lang='lat' dir='ltr'><strong>scriba</strong></span> <span class='ocrx_word' id='word_1_139' title='bbox 815 2086 999 2155; x_wconf 87' lang='lat' dir='ltr'><strong>secundum</strong></span> <span class='ocrx_word' id='word_1_140' title='bbox 1020 2113 1100 2181; x_wconf 79' lang='lat' dir='ltr'><strong>pry-</strong></span> 
     </span>
     <span class='ocr_line' id='line_1_19' title="bbox 62 2186 1102 2283; baseline 0.003 -27"><span class='ocrx_word' id='word_1_141' title='bbox 62 2193 196 2270; x_wconf 85' lang='lat' dir='ltr'><strong>taniam,</strong></span> <span class='ocrx_word' id='word_1_142' title='bbox 213 2191 286 2267; x_wconf 76' lang='lat' dir='ltr'><strong>¹sive</strong></span> <span class='ocrx_word' id='word_1_143' title='bbox 309 2191 345 2253; x_wconf 93' lang='lat' dir='ltr'><strong>in</strong></span> <span class='ocrx_word' id='word_1_144' title='bbox 369 2211 406 2253; x_wconf 91' lang='lat' dir='ltr'><strong>eo</strong></span> <span class='ocrx_word' id='word_1_145' title='bbox 430 2187 622 2254; x_wconf 88' lang='lat' dir='ltr'><strong>archontem</strong></span> <span class='ocrx_word' id='word_1_146' title='bbox 644 2186 745 2252; x_wconf 86' lang='lat' dir='ltr'><strong>latere</strong></span> <span class='ocrx_word' id='word_1_147' title='bbox 775 2187 864 2255; x_wconf 88' lang='lat' dir='ltr'><strong>dicas</strong></span> <span class='ocrx_word' id='word_1_148' title='bbox 896 2215 1102 2283; x_wconf 89' lang='lat' dir='ltr'><strong>eponymum</strong></span> 
     </span>
     <span class='ocr_line' id='line_1_20' title="bbox 62 2289 1102 2381; baseline -0.001 -19"><span class='ocrx_word' id='word_1_149' title='bbox 62 2293 313 2362; x_wconf 90' lang='lat' dir='ltr'><strong>Nicomachum.</strong></span> <span class='ocrx_word' id='word_1_150' title='bbox 359 2291 477 2381; x_wconf 87' lang='lat' dir='ltr'><strong>Neque</strong></span> <span class='ocrx_word' id='word_1_151' title='bbox 500 2292 590 2353; x_wconf 90' lang='lat' dir='ltr'><strong>enim</strong></span> <span class='ocrx_word' id='word_1_152' title='bbox 606 2289 848 2366; x_wconf 87' lang='lat' dir='ltr'><strong>Hecatombaeo</strong></span> <span class='ocrx_word' id='word_1_153' title='bbox 872 2293 931 2357; x_wconf 91' lang='lat' dir='ltr'><strong>ille</strong></span> <span class='ocrx_word' id='word_1_154' title='bbox 944 2295 993 2357; x_wconf 91' lang='lat' dir='ltr'><strong>Ill</strong></span> <span class='ocrx_word' id='word_1_155' title='bbox 1011 2293 1102 2362; x_wconf 89' lang='lat' dir='ltr'><strong>diem</strong></span> 
     </span>
     <span class='ocr_line' id='line_1_21' title="bbox 64 2390 1103 2490; baseline -0.004 -24.053"><span class='ocrx_word' id='word_1_156' title='bbox 64 2390 232 2490; x_wconf 83' lang='lat' dir='ltr'><strong>designat,</strong></span> <span class='ocrx_word' id='word_1_157' title='bbox 260 2413 332 2488; x_wconf 70' lang='lat' dir='ltr'><strong>&#39;quo</strong></span> <span class='ocrx_word' id='word_1_158' title='bbox 361 2393 522 2483; x_wconf 86' lang='lat' dir='ltr'><strong>scriptum</strong></span> <span class='ocrx_word' id='word_1_159' title='bbox 545 2393 772 2458; x_wconf 88' lang='lat' dir='ltr'><strong>testimonium</strong></span> <span class='ocrx_word' id='word_1_160' title='bbox 793 2395 850 2475; x_wconf 91' lang='lat' dir='ltr'><strong>sit,</strong></span> <span class='ocrx_word' id='word_1_161' title='bbox 880 2392 938 2459; x_wconf 92' lang='lat' dir='ltr'><strong>sed</strong></span> <span class='ocrx_word' id='word_1_162' title='bbox 961 2419 1028 2486; x_wconf 94' lang='lat' dir='ltr'><strong>quo</strong></span> <span class='ocrx_word' id='word_1_163' title='bbox 1051 2421 1103 2462; x_wconf 88' lang='lat' dir='ltr'><strong>se-</strong></span> 
     </span>
     <span class='ocr_line' id='line_1_22' title="bbox 62 2493 1103 2579; baseline -0.004 -11"><span class='ocrx_word' id='word_1_164' title='bbox 62 2505 157 2568; x_wconf 88' lang='lat' dir='ltr'><strong>natui</strong></span> <span class='ocrx_word' id='word_1_165' title='bbox 181 2499 348 2568; x_wconf 88' lang='lat' dir='ltr'><strong>traditum.</strong></span> <span class='ocrx_word' id='word_1_166' title='bbox 394 2496 523 2578; x_wconf 90' lang='lat' dir='ltr'><strong>Quodsi</strong></span> <span class='ocrx_word' id='word_1_167' title='bbox 554 2496 644 2560; x_wconf 88' lang='lat' dir='ltr'><strong>enim</strong></span> <span class='ocrx_word' id='word_1_168' title='bbox 671 2517 724 2559; x_wconf 89' lang='lat' dir='ltr'><strong>res</strong></span> <span class='ocrx_word' id='word_1_169' title='bbox 747 2493 845 2561; x_wconf 86' lang='lat' dir='ltr'><strong>aliter</strong></span> <span class='ocrx_word' id='word_1_170' title='bbox 872 2496 1002 2579; x_wconf 87' lang='lat' dir='ltr'><strong>suisset,</strong></span> <span class='ocrx_word' id='word_1_171' title='bbox 1030 2523 1103 2567; x_wconf 89' lang='lat' dir='ltr'><strong>non</strong></span> 
     </span>
     <span class='ocr_line' id='line_1_23' title="bbox 63 2599 1100 2694; baseline -0.001 -21"><span class='ocrx_word' id='word_1_172' title='bbox 63 2604 282 2690; x_wconf 68' lang='grc' dir='ltr'><em>ἀπεδόθησαν</em></span> <span class='ocrx_word' id='word_1_173' title='bbox 311 2599 597 2694; x_wconf 81' lang='lat' dir='ltr'><strong>¹legeretu1·„sed</strong></span> <span class='ocrx_word' id='word_1_174' title='bbox 633 2599 791 2687; x_wconf 61' lang='grc' dir='ltr'><strong>ἐδόθησαν</strong></span> <span class='ocrx_word' id='word_1_175' title='bbox 822 2617 879 2666; x_wconf 91' lang='lat' dir='ltr'><strong>aut</strong></span> <span class='ocrx_word' id='word_1_176' title='bbox 912 2601 1100 2690; x_wconf 74' lang='grc' dir='ltr'><strong><em>ἐγράφησαν.</em></strong></span> 
     </span>
     <span class='ocr_line' id='line_1_24' title="bbox 64 2700 1163 2799; baseline -0.004 -24"><span class='ocrx_word' id='word_1_177' title='bbox 64 2710 136 2775; x_wconf 91' lang='lat' dir='ltr'><strong>Iam</strong></span> <span class='ocrx_word' id='word_1_178' title='bbox 154 2732 231 2776; x_wconf 91' lang='lat' dir='ltr'><strong>vero</strong></span> <span class='ocrx_word' id='word_1_179' title='bbox 254 2709 281 2773; x_wconf 92' lang='lat' dir='ltr'><strong>si</strong></span> <span class='ocrx_word' id='word_1_180' title='bbox 292 2706 402 2771; x_wconf 90' lang='lat' dir='ltr'><strong>Nicias</strong></span> <span class='ocrx_word' id='word_1_181' title='bbox 425 2703 532 2770; x_wconf 87' lang='lat' dir='ltr'><strong>scriba</strong></span> <span class='ocrx_word' id='word_1_182' title='bbox 553 2705 597 2769; x_wconf 87' lang='lat' dir='ltr'><strong>sit</strong></span> <span class='ocrx_word' id='word_1_183' title='bbox 609 2700 793 2768; x_wconf 89' lang='lat' dir='ltr'><strong>secundum</strong></span> <span class='ocrx_word' id='word_1_184' title='bbox 814 2706 1017 2796; x_wconf 86' lang='lat' dir='ltr'><strong>prytauiam,</strong></span> <span class='ocrx_word' id='word_1_185' title='bbox 1041 2709 1101 2799; x_wconf 91' lang='lat' dir='ltr'><strong>qui</strong></span> <span class='ocrx_word' id='word_1_186' title='bbox 1156 2740 1163 2744; x_wconf 85' lang='lat'><em>-</em></span> 
     </span>
     <span class='ocr_line' id='line_1_25' title="bbox 64 2805 1103 2901; baseline -0.003 -21"><span class='ocrx_word' id='word_1_187' title='bbox 64 2813 174 2882; x_wconf 90' lang='lat' dir='ltr'><strong>solum</strong></span> <span class='ocrx_word' id='word_1_188' title='bbox 195 2836 291 2879; x_wconf 89' lang='lat' dir='ltr'><strong>suum</strong></span> <span class='ocrx_word' id='word_1_189' title='bbox 313 2833 438 2880; x_wconf 86' lang='lat' dir='ltr'><strong>nomen</strong></span> <span class='ocrx_word' id='word_1_190' title='bbox 461 2807 648 2874; x_wconf 88' lang='lat' dir='ltr'><strong>testimonio</strong></span> <span class='ocrx_word' id='word_1_191' title='bbox 672 2805 755 2873; x_wconf 87' lang='lat' dir='ltr'><strong>huic</strong></span> <span class='ocrx_word' id='word_1_192' title='bbox 777 2808 1025 2901; x_wconf 88' lang='lat' dir='ltr'><strong>subscripserit,</strong></span> <span class='ocrx_word' id='word_1_193' title='bbox 1050 2837 1103 2877; x_wconf 85' lang='lat' dir='ltr'><strong>ar-</strong></span> 
     </span>
     <span class='ocr_line' id='line_1_26' title="bbox 65 2910 1103 3002; baseline -0.005 -16"><span class='ocrx_word' id='word_1_194' title='bbox 65 2917 196 3000; x_wconf 82' lang='lat' dir='ltr'><strong>chontis</strong></span> <span class='ocrx_word' id='word_1_195' title='bbox 220 2937 257 2980; x_wconf 89' lang='lat' dir='ltr'><strong>ea</strong></span> <span class='ocrx_word' id='word_1_196' title='bbox 278 2914 413 2980; x_wconf 86' lang='lat' dir='ltr'><strong>fortasse</strong></span> <span class='ocrx_word' id='word_1_197' title='bbox 436 2910 477 2977; x_wconf 92' lang='lat' dir='ltr'><strong>de</strong></span> <span class='ocrx_word' id='word_1_198' title='bbox 499 2935 596 2978; x_wconf 85' lang='lat' dir='ltr'><strong>causa</strong></span> <span class='ocrx_word' id='word_1_199' title='bbox 623 2911 807 2991; x_wconf 82' lang='lat' dir='ltr'><strong>omittens,</strong></span> <span class='ocrx_word' id='word_1_200' title='bbox 827 2911 918 3002; x_wconf 90' lang='lat' dir='ltr'><strong>quod</strong></span> <span class='ocrx_word' id='word_1_201' title='bbox 937 2913 1011 2980; x_wconf 91' lang='lat' dir='ltr'><strong>hoc</strong></span> <span class='ocrx_word' id='word_1_202' title='bbox 1041 2939 1103 2983; x_wconf 89' lang='lat' dir='ltr'><strong>no-</strong></span> 
     </span>
     <span class='ocr_line' id='line_1_27' title="bbox 65 3013 1103 3111; baseline -0.003 -24"><span class='ocrx_word' id='word_1_203' title='bbox 65 3038 170 3111; x_wconf 84' lang='lat' dir='ltr'><strong>tatum</strong></span> <span class='ocrx_word' id='word_1_204' title='bbox 193 3034 260 3084; x_wconf 83' lang='lat' dir='ltr'><strong>emt</strong></span> <span class='ocrx_word' id='word_1_205' title='bbox 281 3018 318 3081; x_wconf 92' lang='lat' dir='ltr'><strong>in</strong></span> <span class='ocrx_word' id='word_1_206' title='bbox 340 3040 468 3090; x_wconf 87' lang='lat' dir='ltr'><strong>summa</strong></span> <span class='ocrx_word' id='word_1_207' title='bbox 477 3014 667 3083; x_wconf 85' lang='lat' dir='ltr'><strong>loculorum</strong></span> <span class='ocrx_word' id='word_1_208' title='bbox 687 3013 808 3096; x_wconf 82' lang='lat' dir='ltr'><strong>fronte,</strong></span> <span class='ocrx_word' id='word_1_209' title='bbox 831 3015 1002 3105; x_wconf 87' lang='lat' dir='ltr'><strong>inquibus</strong></span> <span class='ocrx_word' id='word_1_210' title='bbox 1017 3020 1103 3092; x_wconf 76' lang='lat' dir='ltr'><strong>nni·</strong></span> 
     </span>
     <span class='ocr_line' id='line_1_28' title="bbox 65 3102 1198 3212; baseline -0.004 -21"><span class='ocrx_word' id='word_1_211' title='bbox 65 3147 164 3193; x_wconf 83' lang='lat' dir='ltr'><strong>versa</strong></span> <span class='ocrx_word' id='word_1_212' title='bbox 180 3138 251 3187; x_wconf 87' lang='lat' dir='ltr'><strong>acta</strong></span> <span class='ocrx_word' id='word_1_213' title='bbox 270 3117 468 3212; x_wconf 81' lang='lat' dir='ltr'><strong>reponenda</strong></span> <span class='ocrx_word' id='word_1_214' title='bbox 486 3136 519 3187; x_wconf 89' lang='lat' dir='ltr'><strong>et</strong></span> <span class='ocrx_word' id='word_1_215' title='bbox 539 3143 601 3211; x_wconf 90' lang='lat' dir='ltr'><strong>per</strong></span> <span class='ocrx_word' id='word_1_216' title='bbox 622 3117 807 3210; x_wconf 82' lang='lat' dir='ltr'><strong>prytanias,</strong></span> <span class='ocrx_word' id='word_1_217' title='bbox 829 3116 888 3184; x_wconf 88' lang='lat' dir='ltr'><strong>sed</strong></span> <span class='ocrx_word' id='word_1_218' title='bbox 901 3120 1119 3207; x_wconf 68' lang='lat' dir='ltr'><strong>generatim,</strong></span> <span class='ocrx_word' id='word_1_219' title='bbox 1195 3102 1198 3111; x_wconf 89' lang='lat'><strong>.</strong></span> 
     </span>
    </p>
   </div>
   <div class='ocr_carea' id='block_1_3' title="bbox 66 3300 376 3334">
    <p class='ocr_par' dir='ltr' id='par_1_7' title="bbox 66 3300 376 3334">
     <span class='ocr_line' id='line_1_29' title="bbox 219 3300 222 3316; baseline 0 0"><span class='ocrx_word' id='word_1_220' title='bbox 219 3300 222 3316; x_wconf 86' lang='lat' dir='ltr'><strong>l</strong></span> 
     </span>
     <span class='ocr_line' id='line_1_30' title="bbox 66 3318 376 3334; baseline -0.006 0"><span class='ocrx_word' id='word_1_221' title='bbox 66 3318 376 3334; x_wconf 52' lang='lat' dir='ltr'><em>W</em></span> 
     </span>
    </p>
   </div>
   <div class='ocr_carea' id='block_1_4' title="bbox 97 3453 1258 4142">
    <p class='ocr_par' dir='ltr' id='par_1_8' title="bbox 97 3453 1258 4142">
     <span class='ocr_line' id='line_1_31' title="bbox 155 3453 1104 3534; baseline 0.002 -18"><span class='ocrx_word' id='word_1_222' title='bbox 155 3470 283 3517; x_wconf 84' lang='lat' dir='ltr'><strong>senatum</strong></span> <span class='ocrx_word' id='word_1_223' title='bbox 304 3477 366 3516; x_wconf 88' lang='lat' dir='ltr'><strong>esse</strong></span> <span class='ocrx_word' id='word_1_224' title='bbox 388 3453 513 3515; x_wconf 86' lang='lat' dir='ltr'><strong>delatum</strong></span> <span class='ocrx_word' id='word_1_225' title='bbox 534 3474 636 3534; x_wconf 87' lang='lat' dir='ltr'><strong>posse,</strong></span> <span class='ocrx_word' id='word_1_226' title='bbox 666 3473 682 3512; x_wconf 83' lang='lat' dir='ltr'><strong>a</strong></span> <span class='ocrx_word' id='word_1_227' title='bbox 705 3473 765 3534; x_wconf 86' lang='lat' dir='ltr'><strong>quo</strong></span> <span class='ocrx_word' id='word_1_228' title='bbox 794 3466 887 3514; x_wconf 83' lang='lat' dir='ltr'><strong>tamen</strong></span> <span class='ocrx_word' id='word_1_229' title='bbox 909 3470 955 3516; x_wconf 81' lang='lat' dir='ltr'><strong>res</strong></span> <span class='ocrx_word' id='word_1_230' title='bbox 977 3475 1034 3518; x_wconf 85' lang='lat' dir='ltr'><strong>non</strong></span> <span class='ocrx_word' id='word_1_231' title='bbox 1057 3454 1104 3518; x_wconf 76' lang='lat' dir='ltr'><strong>di·</strong></span> 
     </span>
     <span class='ocr_line' id='line_1_32' title="bbox 155 3539 1105 3625; baseline 0.004 -25"><span class='ocrx_word' id='word_1_232' title='bbox 155 3564 210 3624; x_wconf 83' lang='lat' dir='ltr'><strong>gna</strong></span> <span class='ocrx_word' id='word_1_233' title='bbox 224 3541 354 3602; x_wconf 39' lang='lat' dir='ltr'><strong>,iudicata</strong></span> <span class='ocrx_word' id='word_1_234' title='bbox 383 3544 433 3618; x_wconf 90' lang='lat' dir='ltr'><strong>sit,</strong></span> <span class='ocrx_word' id='word_1_235' title='bbox 462 3556 495 3600; x_wconf 86' lang='lat' dir='ltr'><strong>ut</strong></span> <span class='ocrx_word' id='word_1_236' title='bbox 516 3540 623 3600; x_wconf 90' lang='lat' dir='ltr'><strong>iudicio</strong></span> <span class='ocrx_word' id='word_1_237' title='bbox 646 3539 820 3616; x_wconf 81' lang='lat' dir='ltr'><strong>traderetur,</strong></span> <span class='ocrx_word' id='word_1_238' title='bbox 850 3543 935 3618; x_wconf 87' lang='lat' dir='ltr'><strong>mihi,</strong></span> <span class='ocrx_word' id='word_1_239' title='bbox 958 3545 1010 3625; x_wconf 87' lang='lat' dir='ltr'><strong>qui</strong></span> <span class='ocrx_word' id='word_1_240' title='bbox 1030 3543 1105 3604; x_wconf 87' lang='lat' dir='ltr'><strong>illud</strong></span> 
     </span>
     <span class='ocr_line' id='line_1_33' title="bbox 97 3626 1105 3708; baseline 0.002 -20"><span class='ocrx_word' id='word_1_241' title='bbox 97 3652 100 3657; x_wconf 68' lang='grc'>’</span> <span class='ocrx_word' id='word_1_242' title='bbox 137 3629 267 3688; x_wconf 36' lang='lat' dir='ltr'><strong>‘nonnisi</strong></span> <span class='ocrx_word' id='word_1_243' title='bbox 300 3650 335 3688; x_wconf 82' lang='lat' dir='ltr'><strong>ex</strong></span> <span class='ocrx_word' id='word_1_244' title='bbox 363 3629 431 3687; x_wconf 88' lang='lat' dir='ltr'><strong>actis</strong></span> <span class='ocrx_word' id='word_1_245' title='bbox 459 3626 640 3686; x_wconf 80' lang='lat' dir='ltr'><strong>iudicialibus</strong></span> <span class='ocrx_word' id='word_1_246' title='bbox 662 3627 784 3708; x_wconf 87' lang='lat' dir='ltr'><strong>petitum</strong></span> <span class='ocrx_word' id='word_1_247' title='bbox 805 3627 980 3704; x_wconf 85' lang='lat' dir='ltr'><strong>iudicabam,</strong></span> <span class='ocrx_word' id='word_1_248' title='bbox 1001 3631 1105 3701; x_wconf 86' lang='lat' dir='ltr'><strong>melio·</strong></span> 
     </span>
     <span class='ocr_line' id='line_1_34' title="bbox 154 3708 1115 3797; baseline 0.003 -23"><span class='ocrx_word' id='word_1_249' title='bbox 154 3736 217 3775; x_wconf 87' lang='lat' dir='ltr'><strong>rem</strong></span> <span class='ocrx_word' id='word_1_250' title='bbox 239 3715 413 3797; x_wconf 84' lang='lat' dir='ltr'><strong>quaestionis</strong></span> <span class='ocrx_word' id='word_1_251' title='bbox 436 3708 626 3796; x_wconf 82' lang='lat' dir='ltr'><strong>explorandae</strong></span> <span class='ocrx_word' id='word_1_252' title='bbox 647 3713 788 3772; x_wconf 86' lang='lat' dir='ltr'><strong>rationem</strong></span> <span class='ocrx_word' id='word_1_253' title='bbox 809 3709 954 3792; x_wconf 83' lang='lat' dir='ltr'><strong>indicavit,</strong></span> <span class='ocrx_word' id='word_1_254' title='bbox 977 3737 1035 3797; x_wconf 85' lang='lat' dir='ltr'><strong>qua</strong></span> <span class='ocrx_word' id='word_1_255' title='bbox 1056 3737 1115 3792; x_wconf 17' lang='lat' dir='ltr'><strong>asc-¹</strong></span> 
     </span>
     <span class='ocr_line' id='line_1_35' title="bbox 156 3793 1258 3882; baseline 0.001 -20"><span class='ocrx_word' id='word_1_256' title='bbox 156 3816 253 3862; x_wconf 85' lang='lat' dir='ltr'><strong>curate</strong></span> <span class='ocrx_word' id='word_1_257' title='bbox 276 3819 362 3882; x_wconf 88' lang='lat' dir='ltr'><strong>sopra</strong></span> <span class='ocrx_word' id='word_1_258' title='bbox 389 3797 539 3882; x_wconf 89' lang='lat' dir='ltr'><strong>proposita</strong></span> <span class='ocrx_word' id='word_1_259' title='bbox 567 3796 773 3860; x_wconf 81' lang='lat' dir='ltr'><strong>satisfacturum</strong></span> <span class='ocrx_word' id='word_1_260' title='bbox 801 3823 846 3861; x_wconf 92' lang='lat' dir='ltr'><strong>me</strong></span> <span class='ocrx_word' id='word_1_261' title='bbox 875 3820 936 3861; x_wconf 83' lang='lat' dir='ltr'><strong>esse</strong></span> <span class='ocrx_word' id='word_1_262' title='bbox 958 3793 1105 3863; x_wconf 79' lang='lat' dir='ltr'><strong>Boeclthio</strong></span> <span class='ocrx_word' id='word_1_263' title='bbox 1175 3865 1177 3869; x_wconf 76' lang='grc'><em>,</em></span> <span class='ocrx_word' id='word_1_264' title='bbox 1256 3861 1258 3863; x_wconf 73' lang='grc'><strong>,</strong></span> 
     </span>
     <span class='ocr_line' id='line_1_36' title="bbox 155 3880 1129 3969; baseline 0.002 -23"><span class='ocrx_word' id='word_1_265' title='bbox 155 3886 259 3969; x_wconf 85' lang='lat' dir='ltr'><strong>spero,</strong></span> <span class='ocrx_word' id='word_1_266' title='bbox 287 3887 408 3967; x_wconf 82' lang='lat' dir='ltr'><strong>roganti,</strong></span> <span class='ocrx_word' id='word_1_267' title='bbox 431 3901 462 3946; x_wconf 90' lang='lat' dir='ltr'><strong>ut</strong></span> <span class='ocrx_word' id='word_1_268' title='bbox 480 3896 562 3962; x_wconf 10' lang='lat' dir='ltr'><strong>&#39;snam</strong></span> <span class='ocrx_word' id='word_1_269' title='bbox 590 3887 664 3945; x_wconf 86' lang='lat' dir='ltr'><strong>illam</strong></span> <span class='ocrx_word' id='word_1_270' title='bbox 693 3889 858 3947; x_wconf 86' lang='lat' dir='ltr'><strong>sententiam</strong></span> <span class='ocrx_word' id='word_1_271' title='bbox 886 3880 1129 3969; x_wconf 53' lang='lat' dir='ltr'><strong>pronuntiarem]</strong></span> 
     </span>
     <span class='ocr_line' id='line_1_37' title="bbox 156 3966 1105 4057; baseline 0.003 -25"><span class='ocrx_word' id='word_1_272' title='bbox 156 3972 193 4032; x_wconf 84' lang='lat' dir='ltr'><strong>ad</strong></span> <span class='ocrx_word' id='word_1_273' title='bbox 216 3994 249 4032; x_wconf 89' lang='lat' dir='ltr'><strong>ea</strong></span> <span class='ocrx_word' id='word_1_274' title='bbox 271 3993 347 4055; x_wconf 85' lang='lat' dir='ltr'><strong>quac</strong></span> <span class='ocrx_word' id='word_1_275' title='bbox 369 3973 398 4030; x_wconf 90' lang='lat' dir='ltr'><strong>in</strong></span> <span class='ocrx_word' id='word_1_276' title='bbox 421 3971 667 4039; x_wconf 78' lang='lat' dir='ltr'><strong>Commentatione</strong></span> <span class='ocrx_word' id='word_1_277' title='bbox 696 3994 745 4032; x_wconf 87' lang='lat' dir='ltr'><strong>sua</strong></span> <span class='ocrx_word' id='word_1_278' title='bbox 768 3966 909 4035; x_wconf 73' lang='lat' dir='ltr'><strong>de&#39;Nieia</strong></span> <span class='ocrx_word' id='word_1_279' title='bbox 936 3972 1105 4057; x_wconf 73' lang='lat' dir='ltr'><strong>pseudopo-</strong></span> 
     </span>
     <span class='ocr_line' id='line_1_38' title="bbox 155 4055 808 4142; baseline -0.009 -21"><span class='ocrx_word' id='word_1_280' title='bbox 155 4081 241 4142; x_wconf 75' lang='lat' dir='ltr'><strong>nymo</strong></span> <span class='ocrx_word' id='word_1_281' title='bbox 264 4059 392 4120; x_wconf 80' lang='lat' dir='ltr'><strong>statuerit</strong></span> <span class='ocrx_word' id='word_1_282' title='bbox 414 4055 608 4123; x_wconf 62' lang='lat' dir='ltr'><strong>defendenda,</strong></span> <span class='ocrx_word' id='word_1_283' title='bbox 807 4075 808 4080; x_wconf 50' lang='lat'>¹</span> 
     </span>
    </p>
   </div>
   <div class='ocr_carea' id='block_1_5' title="bbox 734 4157 876 4255">
    <p class='ocr_par' dir='ltr' id='par_1_9' title="bbox 734 4157 876 4255">
     <span class='ocr_line' id='line_1_39' title="bbox 734 4157 876 4255; baseline 0 0"><span class='ocrx_word' id='word_1_284' title='bbox 734 4157 876 4255; x_wconf 77' lang='lat'><strong>2³2</strong></span> 
     </span>
    </p>
   </div>
   <div class='ocr_carea' id='block_1_6' title="bbox 0 0 1312 4672">
    <p class='ocr_par' dir='ltr' id='par_1_10' title="bbox 0 0 1312 4672">
     <span class='ocr_line' id='line_1_40' title="bbox 0 0 1312 4672; baseline 0 0"><span class='ocrx_word' id='word_1_285' title='bbox 0 0 1312 4672; x_wconf 95' lang='lat' dir='ltr'><strong> </strong></span> 
     </span>
    </p>
   </div>
  </div>
 </body>
</html>
