2594 4672
678 261 721 343 ’5ο

179 446 313 539 ρΙιίροΙὶ
335 448 514 514 excitatum
535 463 593 532 est,
616 462 779 514 transacto
800 447 867 512 iam
889 445 930 511 ab
944 442 1114 514 Aeschine
1133 469 1225 520 anna

69 620 73 629 ,
180 553 293 618 acutis
321 551 498 619 tricesimo.
542 550 592 617 Eo
621 567 772 644 tempore
799 546 980 617 verisimile
1009 565 1059 621 est
1085 550 1227 618 Aeschi-

180 652 260 720 n'em
284 656 390 731 causis
411 655 549 749 privatis
572 651 808 721 defensitandis
831 653 874 720 ad
894 651 1040 720 futuram
1060 653 1228 748 reipubli-
1255 713 1260 720 .

180 782 239 825 cae
261 755 583 825 administrationem
613 758 821 826 conformare
849 780 884 824 se
915 758 1090 850 incepisse.
1134 759 1228 828 Tum

178 870 268 943 vero,
292 886 400 954 quum
415 863 546 956 eripere
562 863 807 954 Antiphontem
828 860 979 956 periculo
1003 878 1143 930 conatus
1163 878 1226 946 est,

180 966 330 1058 aliquam
352 967 390 1031 in
411 967 511 1035 rebus
532 965 678 1058 publicis
701 968 931 1034 auctoritatem
942 966 1128 1034 obtinuisse
1147 990 1226 1036 eum

110 1104 112 1109 ·
179 1070 247 1135 iam
269 1067 349 1135 inde
372 1086 633 1154 consentaneum
654 1087 713 1152 est,
736 1070 830 1164 quod
851 1071 971 1138 codem
985 1071 1059 1163 ipso
1075 1086 1225 1162 tempore

182 1186 310 1240 creatus
334 1173 458 1240 dicitur
480 1174 523 1240 ad
553 1199 686 1240 causam
714 1172 834 1266 populi
867 1172 910 1240 de
931 1172 1068 1241 Deliaco
1091 1170 1223 1266 'templo

182 1294 296 1342 coram
319 1276 625 1368 Amphictyonibus
656 1276 828 1368 agendam.
872 1274 974 1342 Unde
993 1277 1226 1370 probabiliter,

182 1377 389 1460 uvidum,
416 1377 542 1446 factum
563 1379 649 1448 illud
671 1379 810 1473 Olymp.
841 1380 937 1448 CVI-I
965 1382 1124 1448 constitui
1151 1398 1230 1473 pob-

182 1490 241 1563 es't,
272 1505 339 1575 quo
363 1499 515 1574 tempore
536 1484 717 1552 Aeschines
740 1508 866 1550 annum
887 1485 1000 1551 aetatis
1014 1484 1230 1552 tricesimum

181 1589 338 1679 quintum
359 1604 555 1672 excesserat,
579 1605 612 1656 et
631 1587 745 1681 paullo
777 1584 883 1672 anach,
907 1586 1045 1681 Olymp.
1068 1587 1163 1671 CVI,
1192 1588 1227 1672 3,

179 1707 257 1783 post
287 1693 518 1759 renunciatum
538 1693 798 1760 Atheniensium
827 1694 865 1758 in
886 1693 1023 1759 Euboea
1054 1692 1231 1763 victoriam

120 1815 129 1825 ‘
182 1816 305 1865 corona
326 1802 397 1864 crat
419 1786 575 1864 donatus:
598 1796 718 1865 Aesch.
740 1814 776 1865 a.
796 1821 936 1885 παροπρ.
958 1794 982 1862 l.
1005 1819 1035 1863 c.
1123 1858 1126 1863 ,
1159 1889 1163 1895 ⁴

187 1906 192 1933 ,
1075 1902 1078 1907 .
1114 1910 1117 1915 .

182 2074 214 2145 8.
248 2078 426 2162 Τοιγαροῦν
454 2076 554 2149 etanta
574 2079 675 2142 τοῦτο
694 2071 716 2161 ἦ
738 2074 837 2162 βουλὴ
869 2072 890 2161 ἡ
919 2076 952 2155 ἐξ
971 2071 1099 2164 ’Audeo
1115 2072 1232 2160 πάγον,

224 2177 266 2245 τὰ
298 2176 401 2269 codice
438 2177 510 2246 τότε
551 2179 767 2267 πεπραγμένα,
803 2177 1092 2267 χειροτονησάντων
1134 2177 1233 2247 ababa
1269 2176 1272 2181 ’

224 2279 314 2367 ὑμῶν
336 2280 479 2350 σύνδικον
500 2280 577 2372 ὑπὲρ
590 2289 647 2351 τοῦ
662 2282 750 2372 ἱεροῦ
761 2289 817 2350 τοῦ
829 2287 861 2350 ἓν
882 2283 1037 2374 Δήλῳι-
1048 2289 1164 2351 τοῦτον
1173 2283 1232 2368 μέν

191 2452 194 2459 ,
226 2386 322 2465 εὐθὺς
333 2384 547 2474 indicenda
560 2384 884 2477 nooddsnvauapldp
899 2389 932 2455 tt
943 2388 1041 2475 λέγειν
1051 2389 1230 2476 abaciaco.

93 2595 95 2599 .
192 2542 210 2589 ’.
266 2525 324 2592 Ad
346 2524 487 2620 Olymp.
511 2526 607 2612 CVII
639 2528 708 2594 sive
731 2524 843 2592 CVIII
864 2523 1064 2592 Bocchhius³
1080 2526 1134 2616 (in
1163 2524 1230 2593 Oe·

182 2653 314 2698 conum.
335 2632 400 2698 civ.
423 2629 502 2696 Ath.
525 2627 604 2697 Vol.
628 2630 676 2725 1„
692 2655 727 2721 p.
758 2629 837 2720 441)
861 2653 995 2697 causam
1024 2614 1163 2723 quoque
1185 2624 1231 2695 de

181 2732 269 2800 Delo
302 2731 428 2800 retulit.
463 2731 631 2799 'Insulam
657 2728 761 2814 hanc,
797 2732 968 2828 Apollinis
995 2732 1122 2827 templo
1152 2733 1232 2802 insi-

183 2855 312 2927 gneum
328 2836 371 2904 oh
394 2850 523 2904 sacram
546 2837 617 2906 eius
647 2837 738 2905 inter
756 2860 881 2906 omncs
911 2838 1058 2943 Graecos
1088 2838 1233 2907 auctori·

182 2958 285 3007 tatem
306 2939 479 3009 vindicare
502 2942 568 3010 sibi
589 2940 812 3010 Athenienses
840 2966 881 3008 ex
901 2936 1024 3036 priscis
1045 2941 1129 3010 inde
1151 2959 1233 3010 tem·

181 3047 336 3170 poribus
350 3036 619 3115 contendebant.
661 3046 705 3114 V.
734 3044 859 3114 Bbckb.
893 3046 917 3113 I.
948 3070 977 3135 c.
1022 3028 1125 3114 Unde
1156 3070 1233 3117 con-

182 3151 279 3222 tinua
312 3152 403 3222 inter
415 3148 556 3223 Delios
593 3144 627 3218 et
659 3149 882 3217 Athenienses
918 3128 1053 3236 suberat
1084 3150 1234 3220 simulha

183 3271 218 3326 et
245 3255 493 3325 controuersia.
500 3246 625 3343 Quae
653 3252 790 3322 tandem
819 3254 945 3339 effecit,
967 3271 1018 3323 nt
1047 3244 1235 3356 Athenien-

183 3360 233 3429 ses
254 3354 347 3430 bello
365 3354 678 3469 Peloponnesiaco,
705 3356 843 3453 Olymp.
866 3359 1033 3443 xxctx,
1063 3383 1096 3444 a,
1127 3351 1236 3454 suspb

184 3462 282 3535 cicae
304 3458 414 3533 ducti
420 3448 546 3534 villares
566 3459 696 3533 insulae
717 3462 861 3546 incolas,
892 3460 1039 3534 incestus
1058 3464 1236 3533 insimula-

183 3576 253 3648 tos,
269 3584 349 3740 οριο·
358 3556 601 3649 exturbamur
610 3565 668 3639 ad
689 3556 936 3691 absolvendam,
957 3587 997 3638 ut
1013 3549 1236 3691 ThucydIdes

92 3832 95 3837 .
186 3692 655 3874 xxcl111,apnegeraat
660 3774 782 3864 (Theb.
803 3764 870 3861 III,
904 3723 998 3866 iod),
1034 3796 1095 3845 seu
1121 3720 1272 3870 potius·

186 3872 393 3952 secundum
401 3874 594 3951 Dio'dohum
614 3852 724 3969 (IIII,
747 3876 835 3972 73),
864 3879 957 3975 quod
991 3878 1242 3950 clandestinum

185 3980 263 4063 cum
284 3978 562 4065 Lacedaaunhniis
573 3980 746 4067 foedus
736 3986 852 4059 rniisse
883 3982 1001 4055 D'elio's
1024 3986 1241 4099 incusabant.

188 4082 335 4157 Eosdem
360 4092 476 4157 tamen
498 4054 664 4180 ὒ]ριι]ρ.·’
673 4084 840 4173 XXIIII,
872 4091 896 4178 4
917 4089 1082 4163 oraculi
1070 4114 1165 4160 suasu
1184 4084 1243 4160 ιιι·
