2594 4672
637 255 792 359 Q

85 435 88 439 ’
200 423 279 492 ο33ε
313 421 436 510 ἔγραψα
471 419 627 501 βουλεύων
664 421 812 489 ἀποπλεῖν
846 421 914 508 τὴν
944 424 1131 514 ταχίστην
1160 425 1236 502 τοὺς

198 528 342 613 πρέσβεις
373 527 443 591 tnt-
459 525 551 604 τοὺς
577 524 723 603 τόπους
748 529 786 593 ἓν
807 522 868 603 οἷς
889 525 933 592 ἂν
955 525 1050 592 ὄντα
1071 526 1140 593 τὸν
1164 532 1235 594 Φί-

197 636 337 695 λιππον
358 629 658 713 nerisiensem
692 629 757 696 hoc
786 628 955 697 decretum
984 628 1109 722 legatos
1142 631 1237 698 iubet

199 733 370 817 ἀποδημεῖν
389 736 543 818 μηδεμίαν
562 731 737 819 ὑπερβολὴν
759 735 970 818 ποιουμένους,
994 733 1074 800 ὅπου
1095 734 1136 800 ἃν
1159 735 1237 802 ὄντα

142 821 144 825 ³
197 835 255 902 τὸν
278 839 348 901 Φιλ.
371 832 607 919 πυνθάνωνταις
635 854 805 928 praeterea
830 838 867 902 in
888 837 953 904 hoc
975 836 1064 902 nihil
1086 834 1129 905 de
1152 840 1237 908 Pro-

199 963 295 1006 xeno.
338 939 443 1005 Porro
475 937 531 1004 Ol.
562 939 687 1020 CVIII,
722 965 740 1006 υ
771 964 832 1032 pax
859 938 991 1006 decreta
1019 959 1089 1007 erat
1117 942 1157 1008 in
1185 966 1237 1010 se-

24 1022 29 1037 *
86 1088 91 1107 ι
198 1041 310 1125 cunda
331 1044 491 1108 concione
512 1044 684 1134 prytaniae
714 1045 817 1110 tribus
844 1043 1076 1126 Pandionidis,
1105 1047 1237 1139 quippe

200 1146 256 1216 die
289 1145 422 1211 demum
456 1147 553 1227 XIX,
583 1146 733 1214 nondum
760 1148 875 1214 XVIII
901 1155 949 1231 (v.
970 1172 1071 1239 supra
1097 1175 1131 1241 p.
1160 1152 1236 1241 97);

198 1251 256 1317 hic
283 1249 414 1316 decreta
446 1243 517 1342 pax
542 1250 665 1317 dicitur
693 1254 725 1319 ἓν
759 1259 801 1342 τῇ
833 1250 942 1340 πρώτῃ
971 1255 1123 1344 ἐκκλησία.
1179 1253 1239 1321 Illi

199 1356 276 1476 paci
299 1355 514 1421 coniunctum
546 1357 646 1421 etiam
677 1355 793 1423 foedus
823 1362 953 1438 erat(v.
926 1380 1136 1448 v.suprap
1162 1360 1237 1448 78)·

198 1463 236 1525 in
258 1459 424 1526 decreto
413 1459 559 1523 insiticio
582 1461 715 1531 nonnisi
742 1485 807 1552 pax
829 1479 1121 1544 commemoratur,
1144 1461 1238 1553 lega-

198 1566 239 1632 tis
261 1585 379 1655 porro,
407 1584 490 1653 quos
520 1560 574 1628 Ol.
605 1562 734 1643 CVIII,
766 1588 785 1628 a
811 1563 971 1653 Munych.
999 1564 1049 1630 III
1077 1565 1238 1634 citissime

199 1668 291 1734 abire
314 1666 454 1733 Senatus
484 1665 671 1732 consultum
693 1665 779 1732 illud
799 1667 952 1749 iubebat,
979 1668 1238 1741 iusiurandum

198 1772 307 1839 solum
347 1795 365 1836 a
402 1768 560 1860 Philippo
602 1771 803 1862 exigendum
844 1787 929 1851 erat,
966 1772 1095 1864 quippe
1139 1775 1236 1866 quod

131 1938 132 1941 ,
198 1877 388 1943 confirmata
413 1874 480 1938 iam
513 1873 553 1938 ab
590 1874 847 1940 Atheniensibus
878 1877 952 1941 iure
988 1875 1141 1944 iurando
1170 1904 1234 1971 pax

199 1998 283 2047 esset
303 1976 496 2069 Elaphebol.
521 1977 604 2042 XIX
630 1984 672 2057 (v.
694 2001 768 2068 sup.
790 2002 824 2070 p.
846 1979 921 2067 99),
951 1976 1160 2047 decretum
1148 1986 1232 2049 msi-

95 2105 99 2112 '
197 2085 314 2151 tioium
341 2104 411 2148 non
440 2081 569 2170 exigere
602 2079 751 2146 solum
741 2105 793 2147 rus
822 2080 1003 2148 iurandum
1033 2083 1186 2174 legatos
1176 2111 1229 2152 tu-

84 2257 86 2261 ,
195 2189 264 2268 het,
287 2182 346 2251 sed
368 2184 467 2250 etiam
489 2182 585 2248 dare.
616 2183 689 2262 τους
716 2184 827 2272 ὅρκους
847 2192 953 2269 λαβεῖν
973 2213 1006 2254 τε
1038 2192 1111 2274 παρ’
1135 2189 1230 2256 civois

195 2294 247 2360 καὶ
270 2294 397 2357 δοῦναι
430 2287 473 2353 Et
495 2288 596 2354 creati
618 2305 690 2354 tum
711 2289 937 2356 iurisiurandi
957 2291 1111 2382 exigendi
1135 2318 1233 2361 causa

196 2396 296 2487 legati
329 2391 465 2474 decem
494 2409 588 2458 erant
621 2391 664 2480 (v.
691 2384 716 2456 s.
739 2404 772 2489 Ρ
796 2393 867 2477 86),
896 2418 933 2460 ex
960 2413 1073 2462 nostro
1097 2395 1232 2466 decreto
1267 2447 1268 2450 ,

196 2502 349 2592 quinque
371 2514 540 2564 creantur:
563 2496 704 2585 πρέσβεις
725 2493 894 2564 {licentia
914 2497 1038 2566 πάντων
1053 2500 1234 2587 Ἀθηναίων

100 2663 102 2667 ,
193 2605 256 2690 ἤδη
278 2603 377 2669 πέντε
423 2600 516 2666 Illius
539 2623 640 2692 porro
663 2598 837 2691 legationis
859 2600 927 2667 dux
946 2603 1129 2670 Aeschines
1151 2605 1229 2672 fuit:

195 2713 253 2792 τῆς
284 2705 448 2791 πρεσβείας
474 2703 524 2768 ὢν
548 2701 670 2789 ηγεμὼν
697 2703 764 2789 ἐγώ.
816 2706 934 2771 Aesch.
967 2735 999 2773 π.
1033 2733 1174 2796 ππραπρ.
1197 2734 1232 2802 Ρ.

196 2809 326 2895 401n.;
359 2807 458 2872 huius
488 2805 552 2872 dux
579 2805 725 2872 Eubulus
748 2826 805 2875 est.
853 2807 947 2881 Idem
969 2809 1117 2876 Eubulus
1142 2814 1233 2878 Ana·

194 2856 376 3007 phlystlus
387 2934 430 2976 ne
455 2911 615 2976 intererat
645 2911 780 3002 quidem
811 2884 862 2977 illi
890 2911 933 2979 ad
960 2913 1157 3007 Philippum
1183 2914 1231 2982 le-

195 3017 322 3110 gationi
348 3023 389 3098 (v.
412 3039 437 3079 s.
464 3039 498 3106 p.
521 3017 571 3103 95·
587 3015 669 3106 sq.);
698 3034 812 3110 contra
839 3014 897 3107 illa
928 3008 1092 3107 legatione
1123 3018 1231 3088 functi

194 3138 273 3188 sunt
292 3136 436 3212 praeter
478 3117 677 3185 Aeschinem
721 3119 979 3213 Demosthenes,
1014 3122 1231 3205 Philocrates,

191 3225 341 3316 Phryne,
364 3222 531 3303 immoles,
554 3221 735 3314 Dercylus,
763 3224 823 3315 qui
844 3225 945 3290 ctiam
966 3227 1116 3316 priorem
1138 3228 1233 3295 obie-

192 3345 271 3393 rant
292 3336 331 3410 (v.
354 3351 378 3392 s.
401 3351 435 3417 p.
458 3328 528 3417 87);
551 3351 716 3417 nusquam
742 3327 780 3392 in
802 3326 903 3394 altera
926 3349 1234 3399 commemorantur

89 3488 91 3493 .
171 3430 358 3512 ·Eubulus,
382 3430 632 3522 Cephisophon,
646 3431 871 3514 Democrates,
892 3431 1009 3501 Cleon.
1054 3435 1174 3528 Neque
1192 3437 1231 3503 hi

193 3535 332 3602 omnino
362 3535 614 3605 commemorari
643 3539 799 3626 possunt,
827 3536 953 3628 quippe
976 3537 1069 3630 qnod
1089 3539 1232 3619 alteram

48 3634 50 3638 ⁸
128 3649 130 3653 ’
192 3639 281 3705 hanc
293 3637 334 3703 ad
346 3637 543 3729 Philippum
553 3637 753 3728 legationem
763 3638 867 3706 iidem
878 3641 1034 3723 obierint,
1058 3644 1233 3733 quietiam

36 3748 38 3755 ’
126 3743 146 3751 ”
192 3745 359 3834 prior-emt
381 3742 552 3809 Aeschcc.
574 3767 712 3830 παροπρ.
735 3767 778 3833 Ρ.-
792 3741 828 3826 41
857 3745 919 3811 im:
943 3749 1147 3833 πρῶτονμὲν
1168 3749 1233 3838 γὰρ

194 3849 268 3914 δέκα
295 3848 453 3942 πρέσβεων
487 3843 602 3926 ὅντων,
638 3843 799 3927 ἑνδεκάτου
821 3847 855 3912 δὲ
881 3854 939 3934 τοῦ
966 3853 1235 3938 συμπεμφθέντος

192 3948 267 4037 ἡμῖν
297 3949 361 4019 ἀπὸ
381 3955 452 4017 ’τῶν
480 3946 668 4034 συμμάχων,
703 3949 803 4026 οὐδεὶς
824 3950 909 4042 αὐτῷ
933 3951 994 4043 [τῷ
1009 3955 1233 4047 Δημοσθένει]

31 4055 32 4058 ’
184 4065 356 4153 συσσιτεῖν,
383 4050 429 4121 ὅτ’
444 4052 580 4145 ἐξῄειμεν
600 4053 650 4122 ἐπὶ
664 4051 728 4140 τὴν
747 4048 882 4143 ἑσπέραν
902 4057 1078 4158 πρεσβείαν,
1101 4056 1233 4144 ἤθελεν,
