2594 4672
604 311 607 320 y
682 219 745 288 ass

195 405 368 483 praeterea
397 363 630 471 inveniuntur,
668 407 858 470 statuamus,
887 389 1026 475 omnino
1063 409 1240 457 consenta-

196 517 299 560 neum
331 511 387 560 cst.
434 495 541 578 Quam
568 494 722 575 obrem,
755 495 783 561 si
813 494 900 559 duae
920 476 1107 585 antiquitus
1131 514 1240 575 exsta·

195 597 278 678 bant
311 599 543 666 Demosthenis
584 596 835 678 editiones,‘
817 627 838 685 η
881 598 998 685 ἀρχαία
1032 600 1083 663 καὶ
1119 595 1140 683 ἦ
1181 602 1240 685 δη-

93 722 95 727 “
173 700 314 791 mollins,
339 728 481 794 quarum
503 705 657 770 meminit
678 703 859 796 Ulpianus,
883 719 916 768 et
937 701 985 767 de
1002 701 1129 793 quibus
1148 704 1242 796 Τιγ-1

197 803 288 877 lorus
317 810 450 899 copiose
481 808 659 901 disputavit
687 805 729 873 ad
758 808 873 873 Dem.‘
889 830 936 873 or.
960 805 1001 871 de
1024 829 1093 874 cor.
1116 832 1151 900 p.
1177 831 1242 898 229

198 933 227 976 v.
266 935 303 977 ιι
334 930 367 978 et
393 913 430 976 in
460 915 596 1002 praelat.
627 911 738 999 ador.
764 909 867 991 Min,
897 909 990 976 illam
1018 929 1109 976 certe
1132 914 1244 980 conii-

110 1079 112 1082 ,
200 1014 357 1081 ciendum
386 1034 434 1082 est
459 1019 684 1084 monumentis
719 1016 770 1080 his
800 1039 869 1095 non
903 1014 1002 1081 fuisse
1030 1017 1241 1085 instructam.

201 1119 245 1185 Et
273 1144 350 1192 sane
381 1121 419 1187 in
449 1120 604 1211 plurimis
634 1123 786 1187 omnium
813 1137 998 1198 oratorum,
1026 1143 1113 1209 quae
1142 1121 1243 1188 nobis

202 1240 346 1298 servatae
379 1243 472 1303 snut,
508 1227 714 1292 orationibus
748 1240 964 1291 monumenta
984 1220 1242 1303 desiderantur.

202 1327 336 1391 Exstant
363 1327 525 1394 nonnulla
554 1331 591 1396 in
614 1327 797 1394 Andocidis
829 1326 870 1392 de
901 1327 1084 1419 mysteriis,
1114 1328 1152 1390 in
1175 1328 1245 1392 Ae-

202 1428 325 1495 schinis
348 1454 375 1495 c.
400 1433 586 1530 Timarcb„
617 1431 760 1524 plurima
784 1434 820 1496 in
843 1431 1077 1496 Demosthenis
1099 1428 1244 1494 lorensi-
1268 1455 1271 1460 ·

130 1623 132 1628 .
201 1533 263 1601 bus
293 1537 515 1617 orationibus,
550 1561 694 1628 quorum
729 1532 888 1602 omnium‘
906 1555 1075 1627 perpauca
1101 1548 1181 1598 sunt
1207 1556 1244 1597 ex

202 1656 324 1726 genere
346 1637 555 1705 decretorum
578 1636 708 1714 senatus
732 1657 764 1704 et
785 1636 904 1730 populi
934 1640 971 1702 in
1000 1635 1130 1703 Andos.
1161 1653 1243 1703 orat.

203 1757 236 1819 et
247 1741 479 1831 Demosthenis
503 1745 704 1822 c.Timocr.,
727 1741 990 1833 deniqueunum
1013 1741 1055 1805 de
1072 1739 1245 1806 Plataeen-

203 1843 294 1909 sibus
327 1846 457 1913 civitate
480 1845 642 1914 donandis
669 1849 706 1911 in
736 1850 782 1914 or.
807 1870 834 1912 c.
857 1845 974 1911 Neaer.
1020 1845 1114 1927 Quae
1139 1867 1244 1935 quum

204 1970 267 2041 nec
291 1949 480 2034 archontem
512 1975 574 2016 nec
603 1940 751 2016 mensem
779 1950 1022 2041 praescriptum
1044 1946 1241 2038 praeferant,

206 2051 246 2114 ab
270 2053 351 2142 ipsis
365 2054 520 2143 ‘prosecta
543 2055 728 2131 oratoribus
741 2052 846 2119 videri
859 2052 957 2121 facile
972 2054 1112 2144 possint
1154 2048 1239 2117 Nam

206 2152 369 2221 eiusmodi
400 2175 614 2225 monumenta
647 2157 841 2225 brevitatis
857 2180 953 2222 causa
989 2157 1064 2220 sine
1094 2169 1240 2220 accurata

160 2301 165 2313 ·
207 2262 366 2369 temporis
388 2265 557 2328 notatione
580 2267 619 2328 ab
643 2260 829 2330 oratoribus
851 2262 985 2326 recitata
1009 2282 1096 2339 esse,
1120 2275 1154 2324 et
1173 2255 1242 2348 ple·

206 2384 349 2452 rumque
372 2389 416 2429 ne
438 2368 592 2431 universa
614 2365 762 2456 quidem,
785 2362 843 2429 sed
874 2380 1049 2482 quantum·
1066 2385 1183 2436 eorum
1204 2357 1244 2426 ad

180 2478 183 2482 ’
208 2462 498 2534 demonstrandam
528 2471 727 2536 sententiam
755 2466 935 2548 sufficeret,
958 2467 1097 2547 omnino
1125 2465 1245 2555 proba·

208 2566 278 2632 bile
302 2588 360 2634 est·
404 2571 445 2635 V.
469 2577 728 2664 supra·p.·2o8.
772 2572 891 2637 Aesch.
925 2598 957 2641 π.
980 2595 1121 2657 παραπρ.
1144 2594 1178 2661 p.
1204 2573 1241 2657 57

209 2671 298 2735 med.
344 2672 396 2737 Cf.
419 2698 518 2764 snpra
540 2703 573 2768 p.
606 2700 659 2764 9¹·
705 2675 744 2742 Id
772 2674 990 2767 quodetiam
1022 2672 1065 2737 ad
1099 2691 1244 2738 nostram

211 2771 254 2837 de
276 2780 499 2841 monumentis
523 2781 664 2845 orationi
686 2778 728 2844 de
751 2804 873 2846 corona
893 2779 1025 2843 insertis
1048 2777 1264 2842 sententiam-

212 2877 473 2944 confirmandam
502 2879 615 2948 valeat.
661 2884 701 2947 ln
721 2885 802 2975 ipsis
823 2904 957 2974 quoqne
970 2880 1142 2973 lapidibus
1164 2897 1245 2944 tem-

146 3046 151 3056 ,
210 3003 294 3072 pora
316 2981 408 3048 haud
428 3007 503 3051 raro
527 3011 545 3050 a
567 2986 707 3053 decretis
729 3003 905 3105 separatu
909 2987 1138 3053 inveniuntur.
1179 2982 1245 3049 Ne-

213 3109 280 3176 que
302 3110 361 3178 ego
384 3092 497 3157 omnia
518 3108 748 3173 monumenta,
779 3114 865 3186 quae
895 3089 932 3158 in
953 3087 1095 3185 reliquis
1127 3088 1257 3158 oratio-¹

212 3190 311 3256 nibus
333 3211 516 3274 servantur,
538 3195 778 3287 posterioribus
805 3194 941 3263 demum
963 3193 1189 3295 temporibus,
1209 3206 1246 3258 nt

212 3291 317 3360 illam
333 3299 486 3365 oratione
493 3296 533 3364 de
545 3323 624 3380 cor,
646 3297 759 3366 addita
771 3289 1093 3365 essecontenderim.
1138 3295 1245 3377 Cert'e,

215 3423 300 3490 quae
332 3401 371 3470 in
404 3404 690 3495 praestantissimis
727 3401 978 3483 Demosthenis,
1009 3425 1070 3473 seu
1097 3423 1184 3493 quae
1210 3400 1247 3466 in

214 3503 467 3572 Demosthencis
489 3525 723 3589 numerantur,
755 3505 960 3575 orationibus
986 3505 1176 3574 forensibus
1198 3527 1247 3571 ex·

213 3624 302 3674 stant
332 3628 563 3691 monumenta,
592 3613 769 3681 maximam
798 3608 927 3701 partem
948 3608 1137 3691 iudicialis,
1166 3633 1248 3694 μαρ-

215 3714 327 3797 τυρίαι,
350 3710 454 3806 leges,
477 3739 534 3780 seu
565 3713 676 3806 legum
702 3731 830 3806 partes,
858 3721 1028 3799 συνθῆκαι,
1061 3713 1244 3801 συγγραφαί,

215 3813 399 3900 ἔγκλῆματιι,
424 3818 614 3904 προκλήσεις,
638 3829 788 3902 μαντεῖαι,
805 3817 871 3883 alia
884 3818 1016 3899 similia,
1039 3842 1078 3884 ea
1090 3819 1146 3885 vix
1159 3815 1248 3885 dixe.-

216 3917 260 3983 ris
297 3924 539 4011 posterioribus
572 3922 708 3989 demum
739 3922 944 4012 temporibus
979 3946 1020 3990 ex
1048 3920 1166 4016 legum
1194 3943 1250 3988 seu

217 4039 366 4103 actorum
396 4025 605 4096 iudicialium
632 4014 888 4099 collectionibus
916 4043 1025 4100 tanto
1037 4043 1177 4120 tamque
1202 4026 1254 4092 iu·
