2594 4672
550 269 672 340 -251

118 438 218 515 ,mum
239 432 528 529 Hecatombaeone
555 440 598 508 ad
624 442 707 509 fines
728 440 902 508 Boeotiae
912 463 987 507 esse
1007 464 1161 533 progres-

122 571 205 630 sum,
227 545 386 624 confectis
407 562 483 639 post
504 543 651 612 Elateam
673 545 850 636 captamin
870 544 1012 636 Amphis
1014 548 1162 613 sensium
1240 624 1241 628 Ἰ

71 642 74 647 ’
123 670 213 720 terra
242 653 305 732 eis,
337 673 423 741 quae
449 673 552 743 supra
577 649 762 717 retulimus.
801 649 903 715 Inde
932 648 1059 717 duobus
1089 650 1210 718 illis-¹

66 830 68 834 Α
121 754 260 847 proeliis
283 752 448 834 cohibitus'
469 751 683 822 intervallum
703 752 829 820 fecisse
843 771 876 820 et
898 751 939 818 ad
954 740 1161 846 ipsos-Boeo

122 861 187 932 tiae
208 858 292 926 fines
314 859 497 927 substitisse
525 857 673 926 videtur
669 880 789 950 usque
818 856 861 923 ad
884 859 1164 948 Metagitnionem

122 964 204 1046 VII,
232 962 332 1031 illum
353 963 461 1046 diem,
490 965 569 1055 qui,
591 979 629 1029 ut
650 962 770 1053 lustini
791 963 900 1029 verbis
921 979 1005 1043 utar,
1027 967 1166 1033 univcr·.

123 1093 177 1136 sae
195 1068 355 1136 Graeciae
378 1066 411 1135 et
432 1066 576 1158 gloriam
595 1067 841 1138 dominationis>
854 1084 887 1135 et
907 1069 1164 1138 vetustissimam

122 1174 313 1241 libertatem
347 1171 466 1239 finivit
516 1172 590 1240 Hoc
620 1170 791 1241 intervallo
820 1195 919 1241 novas
947 1173 1083 1242 fortasse
1106 1201 1163 1244 co-

123 1279 196 1373 pias
228 1277 406 1343 arcessivit.
456 1275 659 1368 Exspectatis
683 1279 773 1344 enim
795 1302 857 1369 per
872 1277 1009 1373 aliquod
1032 1298 1168 1373 tempus.

124 1383 224 1450 sociis
251 1381 514 1463 remanentibus,
543 1379 588 1455 ad
613 1380 850 1477 Chaeroneam
887 1408 963 1450 eum
991 1388 1163 1455 accessisse

126 1487 297 1556 Diodorus
318 1486 421 1553 refert
440 1486 541 1567 XVI,
574 1489 627 1554 85.
670 1486 717 1551 At
743 1487 825 1554 socii
853 1487 908 1554 isti
941 1492 1002 1580 qui
1027 1488 1162 1574 fuerint,

126 1593 196 1659 dici
224 1588 392 1658 difficilius
427 1599 553 1685 Potest.¹
596 1591 741 1663 Praeter„
759 1590 952 1673 Thessalos,
986 1596 1171 1683 Aenianes,r

126 1697 285 1788 Dolopes,
307 1694 490 1778 Phthiotas,
518 1719 555 1762 er
578 1694 720 1762 Graecis
743 1694 879 1763 Aetolos
908 1698 1164 1791 cumPhilippo
1201 1721 1202 1724 ’

126 1802 328 1870 consociatos
350 1801 418 1869 iam
440 1816 517 1867 tum.
532 1798 643 1881 luisse,
665 1799 906 1890 quum'Elatea
927 1802 1169 1894 occupabatur,

127 1931 168 1974 ex
195 1904 397 1973 Philochoro
431 1921 560 1972 constat
594 1929 646 1996 ap.
680 1904 821 1995 Dionys.
859 1905 901 1969 H.
935 1905 959 1970 l.
989 1931 1017 1973 c.
1046 1915 1075 1984 §.
1114 1934 1162 1977 ιι.

125 2013 254 2078 Eorum
276 2011 373 2076 enim.
387 2007 510 2100 legatos
531 2007 633 2075 simul
655 2033 732 2075 cum
753 2007 906 2100 Philippi
934 2008 1050 2101 legatis
1073 2004 1175 2083 The-j

125 2117 186 2182 bas
207 2119 353 2195 venisse,
382 2112 599 2202 Philochorus
621 2113 732 2179 relert.
776 2112 1036 2206 Peloponnesios
1059 2134 1165 2209 quum

128 2245 200 2288 non
220 2235 556 2301 commemoreteos.
574 2235 644 2305 tum
671 2214 823 2285 nondum
851 2217 1009 2313 Philippo
1032 2222 1165 2291 auxilia-

135 2577 141 2583 ·
215 2534 288 2601 etv.
333 2539 382 2602 Ad
403 2543 473 2602 haec
494 2498 559 2601 sola
576 2539 724 2601 manifesto
741 2550 870 2622 spectant
890 2542 1040 2622 sequentia
1053 2543 1166 2611 Demo-

215 2630 321 2688 sthenis
343 2628 441 2706 verba,
462 2627 571 2711 quibus
591 2628 762 2688 Aeschinem
783 2627 914 2708 carpitl
938 2650 962 2687 e.
1005 2629 1172 2703 Laudatunr

214 2731 276 2775 tum
305 2731 336 2776 et
361 2722 528 2776 coronatum
555 2737 586 2775 se
614 2715 683 2774 dicit
714 2713 754 2774 ob
783 2734 845 2774 rem
872 2715 1018 2816 publicam
1048 2721 1164 2800 egregie

215 2818 340 2885 gestam,
371 2803 492 2862 tacuisse
514 2782 693 2883 Aeschinem,
716 2803 779 2891 qni
790 2824 867 2861 nunc
894 2804 923 2860 in
946 2801 1065 2862 eandem
1087 2826 1174 2864 suam*

215 2892 259 2949 rei
286 2889 421 2973 publicae
456 2886 725 2948 administrationem
757 2869 913 2948 iitvehatur.
972 2889 1003 2949 Si
1037 2906 1098 2949 tum
1136 2894 1166 2950 in

215 2978 325 3036 theatro
348 2979 432 3036 etiam
453 2992 606 3038 coronatus
628 2992 711 3050 esset,
733 2991 810 3036 certe
832 2975 864 3034 id
884 2998 1005 3075 quoque
1021 2978 1074 3035 hic
1096 2999 1167 3037 eno-

216 3063 333 3123 tandum
355 3086 413 3122 non
435 3061 648 3144 dereliquisset,
669 3078 702 3120 ut
723 3085 781 3121 non
804 3062 985 3166 dereliquit
977 3085 1005 3120 ιιι
1019 3063 1166 3127 recitando

179 3205 181 3210 .
215 3152 370 3214 Aristonici
398 3149 529 3225 decreto,
569 3149 620 3208 ubi
645 3142 827 3249 γράψαντος
851 3142 1078 3253 Ἀριστονίκου,
1119 3154 1167 3225 ait,

186 3287 188 3291 Α
217 3231 274 3308 τὰς
297 3231 393 3311 αὐτὰς
415 3228 622 3312 συλλαβάς,
607 3230 703 3315 denso
725 3224 831 3295 οὑτοσὶ
846 3233 1077 3339 Κτησιφῶν
1041 3258 1096 3296 νυν
1116 3235 1169 3318 γέ

217 3344 326 3428 ysopa,
362 3320 413 3385 καὶ
440 3316 738 3430 ἇναρρηθὲντος
774 3318 813 3382 ἐν
847 3322 898 3404 τῷ
926 3314 1082 3430 θεάτρῳ
1111 3327 1167 3385 τοῦ

217 3403 435 3520 στεφάνου,
419 3403 484 3471 οὔτ’
511 3403 650 3469 ἀντεῖπεν
678 3404 832 3488 Αἷσχίνης
860 3382 984 3490 stirpata,
1015 3405 1086 3472 oliva
1113 3405 1170 3473 τὸν

217 3495 342 3558 cinerea
363 3492 540 3578 ἐγράψατοι
563 3494 600 3554 de
623 3517 682 3554 cor.
704 3517 734 3577 p.
758 3499 898 3556 253·-
924 3497 974 3556 Sin
996 3513 1090 3557 autem
1112 3501 1170 3559 uti·
1243 3550 1246 3555 .

218 3607 277 3666 que
299 3585 478 3645 contendis
470 3607 498 3642 ιιι
522 3584 631 3642 theatro
645 3581 841 3641 coronandum
853 3584 1077 3644 Demosthenem
1099 3606 1170 3666 pro-

216 3673 349 3752 posuisse
376 3671 576 3731 Demomelem
609 3683 639 3730 et
668 3669 863 3750 Hyperidem,
892 3671 976 3753 quod
995 3672 1171 3732 Demosthe-

217 3779 268 3816 nes
291 3758 328 3817 de
351 3780 410 3817 cor.
432 3781 463 3840 p.
488 3763 546 3836 267
571 3778 838 3838 saepenumero
860 3779 891 3816 se
913 3772 1080 3819 coronatum
1101 3757 1171 3817 dicit
1270 3760 1285 3810 f

184 3868 188 3875 ¹
219 3859 283 3906 ante
311 3844 507 3929 Ctesiphontis
538 3842 700 3918 decretum,
729 3864 786 3903 non
814 3843 991 3921 reluctabar,
1024 3842 1112 3904 modo
1134 3840 1179 3907 ne¹
1260 3904 1263 3909 ,

217 3932 366 4011 Dionysiis
389 3930 437 3990 Ol.
461 3931 528 4005 CX,
553 3953 569 3990 a
595 3929 651 3989 sed
669 3931 859 4032 sequentibus
881 3931 1040 4011 Dionysiis
1051 3931 1170 4030 Olymp.

173 4077 176 4081 .
219 4017 292 4094 CX,
322 4020 350 4078 3.
379 4017 588 4079 -Ceterum
619 4017 656 4078 ci.
682 4033 782 4091 notam
804 4020 833 4079 io
856 4019 912 4096 hnc
934 4018 1024 4077 huius
1035 4016 1173 4103 disputa·
1201 4016 1206 4023 “
1256 3996 1281 4077 ³.

138 4144 142 4148 -
203 4106 304 4167 ,tionis
326 4106 494 4189 appositam.
563 4164 586 4173 ,,
1213 4132 1215 4137 ·
1273 4118 1276 4123 ’
