2594 4672
575 265 732 375 Lil-

116 438 219 504 'nihil
240 438 384 504 habeant
406 435 632 504 dubitationis.
678 437 769 503 Num
790 457 868 503 vero
886 437 1012 510 nuncio
1032 435 1097 502 hoc
1120 459 1174 527 ac-

113 561 231 634 'cepto
254 543 473 608 Athenienses
498 540 539 607 de
566 542 779 633 apparatibus
800 539 948 629 bellicis,
970 539 1114 633 fugaque
1137 563 1175 605 ex

132 648 221 739 agris
243 645 444 737 capessenda
466 646 625 714 continuo
649 644 841 738 cogitarint,
867 644 905 710 id
933 642 1042 710 adhuc
1071 644 1176 736 possit

131 752 171 817 in
201 749 446 824 dubitationem
474 750 594 818 vocari.
646 749 843 841 Cogitarunt
872 765 979 830 certo,
1009 751 1038 814 si
1064 750 1175 814 statim

129 870 209 948 post
237 871 375 945 paetum
405 851 492 920 illud
526 850 679 920 Phalaeci
716 850 894 945 Philippus
933 852 1175 919 Thebanorum

130 957 438 1050 Thessalorumque
458 958 541 1026 votis
564 957 751 1050 obsequens
765 955 853 1048 Pylis
867 957 1013 1024 traiectis
1034 957 1071 1021 in
1086 955 1175 1023 Pho-

131 1062 244 1128 cidem
264 1061 547 1153 profieiscebatur,
570 1078 610 1126 ut
630 1062 730 1128 urbes
752 1062 789 1127 in
801 1077 997 1153 potestatem
1013 1084 1108 1126 suam
1120 1084 1175 1126 re·

131 1165 272 1257 digeret,
294 1163 333 1231 id
354 1163 446 1257 quod
468 1163 642 1232 contendit
663 1165 914 1248 Demosthenes,
938 1189 1046 1256 quum
1067 1161 1174 1231 dicat:
1255 1218 1256 1225 ,

129 1263 186 1357 ἧκε
207 1272 242 1336 δὲ
262 1269 423 1357 Δερκύλος
454 1271 487 1335 ἐκ
513 1271 689 1352 Χαλκίδος,
719 1275 770 1337 καὶ
798 1270 978 1358 ἀπήγγειλεν
1002 1266 1093 1354 ὑμῖν,
1122 1268 1174 1335 ὅτι

130 1373 236 1442 πάντα
264 1374 305 1442 τοὶ
331 1371 487 1461 πράγματ’
516 1374 693 1461 ἐγκεχείρικε
721 1375 874 1459 Θηβαίοις
895 1370 913 1439 ὁ
938 1375 1108 1457 Φίλιππος,
1139 1398 1171 1441 α.

129 1494 272 1584 παρακρ.
295 1502 330 1572 Ρ.
350 1477 434 1563 3603
454 1476 724 1570 innuitque-ipse
738 1479 837 1544 etiam
850 1476 1046 1558 Aeschines,
1068 1501 1174 1577 quum

129 1606 278 1651 reversos
300 1581 461 1676 legatos
451 1583 575 1649 1tinere
607 1579 697 1649 dicat
716 1583 915 1666 πυθομένους
941 1580 982 1648 τὰ
1009 1583 1079 1669 περὶ
1099 1580 1175 1658 τὀυς

135 1689 265 1766 Φωκέας
286 1686 467 1773 συμβάντα,
496 1684 580 1752 ibid
600 1708 636 1778 Ρ.
658 1684 750 1772 406
795 1685 1024 1753 Veruntamen
1044 1682 1083 1752 id
1103 1708 1175 1751 am-

130 1792 311 1883 biguum
301 1817 339 1858 ιιι
365 1792 553 1883 praesentia
579 1788 821 1886 relinquentes
841 1789 884 1857 ad
906 1790 1076 1881 capotius
1099 1806 1174 1856 ten·

131 1894 261 1977 dimus,
296 1916 381 1987 quae
409 1897 516 1990 magis
544 1894 712 2002 explorata
741 1911 850 1962 sunt.
885 1895 999 1987 Atque
1024 1894 1183 1986 primum·

127 2001 256 2067 nuncio
278 1995 338 2067 illo
359 2017 497 2093 accepto
518 1997 632 2067 nihil
629 2022 700 2067 non
720 1999 838 2066 fecisse
858 1997 1088 2079 Athenienses,
1110 2012 1174 2090 per

131 2128 167 2170 se
189 2113 447 2171 consentaneum
469 2121 526 2171 est
571 2104 822 2188 Quamobrem
841 2101 879 2169 id
892 2105 1074 2175 certissime
1091 2125 1174 2171 con·

132 2223 206 2286 stat,
229 2205 354 2300 legatos
375 2205 463 2288 illos,
485 2208 673 2300 interrupto
702 2208 822 2275 itinere
844 2206 991 2274 Athenas
1011 2216 1171 2288 reversos,

130 2321 246 2375 rursus
269 2332 339 2376 esse
360 2309 401 2376 ad
424 2307 622 2378 obeundam
631 2307 834 2400 legationem
855 2309 998 2395 adactos,
1020 2311 1058 2378 id
1080 2309 1189 2404 quod.

130 2414 314 2481 Aeschines
326 2412 523 2503 testatur(l
546 2436 578 2481 ο.
595 2414 637 2505 Ρ.-
652 2414 723 2505 46),
745 2432 781 2482 et
791 2413 1042 2497 Demosthenes,
1066 2440 1174 2507 quum

131 2519 250 2584 statim
262 2534 339 2611 post
365 2515 591 2611 inopinatam
588 2515 699 2585 illam
694 2540 834 2584 rerum
856 2521 1108 2601 comessionem
1125 2519 1173 2587 ad

130 2611 327 2723 Philippum
348 2621 530 2691 contulisse
551 2644 590 2690 se
599 2622 803 2693 Aeschinem
814 2620 902 2690 dicat
922 2621 958 2708 (la
981 2648 1010 2692 c
1031 2647 1066 2717 Ρ
1058 2624 1171 2710 ..380)

97 2805 99 2807 ,
130 2728 171 2793 Ιιι
203 2727 273 2794 his
286 2727 378 2792 enim
410 2725 553 2831 legatis
556 2722 675 2795 abiit
663 2751 732 2795 iam
759 2727 871 2797 lintris
892 2722 966 2796 loco
987 2728 1172 2812 Aeschines

129 2834 202 2923 ipse
224 2826 375 2900 restituta
387 2831 535 2899 interim
554 2826 744 2902 valetudine
770 2832 902 2916 (Aesch.
928 2830 951 2900 l.
974 2837 1030 2922 c).
1074 2834 1171 2902 Hauc

128 2934 332 3029 legationem
350 2930 536 3004 Aeschines
551 2932 660 3005 ‘variis
690 2936 774 3007 locis
800 2937 861 3024 τὴν
883 2938 934 3005 ἐπὶ
961 2938 1035 3014 τους
1054 2937 1170 3027 Appi*

127 3038 263 3118 κτίονας
286 3043 454 3126 πρεσβείαν
481 3034 569 3124 (l.3³o.
590 3065 626 3134 Ρ.
648 3040 691 3127 aio
713 3040 769 3131 fi),
789 3040 862 3127 ’τὴν
881 3043 991 3129 τρίτην
1018 3043 1067 3110 ἐπὶ
1095 3043 1171 3122 τοὺς

122 3143 265 3233 Appiae.
299 3169 353 3230 no.
374 3166 410 3237 Ρ.
432 3138 511 3235 47
490 3164 546 3211 tn.
569 3156 621 3212 et
618 3143 689 3231 τὴν
715 3145 824 3233 τρίτην
843 3147 896 3212 ἐπὶ
921 3146 959 3212 τὸ
980 3147 1101 3215 καὶτὸν
1097 3154 1169 3216 τῶν

121 3247 293 3336 Ἀμφικτυό
295 3274 412 3341 νωνΡ.
434 3248 482 3355 46
499 3249 522 3317 f
529 3251 573 3359 *),
602 3266 703 3340 atque
725 3248 772 3337 (π.
794 3272 933 3337 τιαραπρ.
954 3273 988 3342 p.
1013 3253 1059 3320 50
1076 3253 1168 3344 init.)

128 3348 289 3421 ducentos
319 3375 435 3421 secum
456 3348 510 3420 eu
528 3346 682 3429 universa
705 3349 848 3419 Graecia
874 3353 999 3448 legatos
1025 3355 1168 3424 adfuisse

113 3466 292 3523 'testatur'
319 3448 535 3527 Manifesta
525 3454 627 3548 igitur
642 3455 831 3525 Aeschines
859 3457 947 3525 hanc
968 3458 1169 3552 legationem

126 3560 243 3627 obiens
267 3562 437 3631 communi
459 3550 513 3641 illi
528 3555 825 3654 Amphictyonum
833 3563 984 3632 concilio
1006 3567 1167 3649 inte1duit,
1194 3555 1197 3559 ⁵

126 3664 221 3756 quod
246 3681 324 3758 post
353 3664 501 3760 pactuhl
518 3664 674 3744 Phalaeci
693 3664 1023 3762 Phocensibusque
1011 3694 1056 3736 ιιι
1060 3688 1167 3764 potes
1225 3692 1226 3695 ¹

125 3785 244 3840 statem
265 3794 360 3870 suam
387 3768 530 3847 redactis
557 3791 752 3841 convocasse
770 3770 973 3867 Philippum
996 3774 1183 3868 Diodorus,
1242 3805 1243 3808 ¹

168 4083 335 4170 ’)’τρίτην.
379 4084 560 4159 Duae‘cnm
579 4105 663 4152 autea
685 4090 723 4152 ad
736 4068 913 4177 :Philippiis
935 4089 1075 4155 ahiem·
1138 4092 1159 4150 ’.
1227 4062 1249 4103 λ’

872 4370 1148 4445 ,xm
