2594 4672
20 3362 206 3449 ι.

581 287 737 393 Q

142 461 300 528 selorum·
328 458 537 551 aliorumque
573 457 665 525 illius
706 458 870 524 sociorum
911 453 1053 544 legatos,
1077 450 1184 521 'inter

143 588 237 657 qnos,
259 580 391 657 praeter
411 564 588 644 Aenianes,
610 561 768 653 Dolopes,
792 559 972 640 Phthiotas,
996 559 1098 624 etiam
1116 560 1185 624 Ae-

143 668 229 737 tolos
240 657 460 735 Philochorus
471 667 565 733 affert
575 669 642 758 (ap.
655 668 792 757 Dionys.
805 664 827 729 l.
841 687 869 729 c.
887 667 953 748 ιι),
975 686 993 725 a
1009 660 1184 729 Thebanis

143 777 305 864 petentes,
326 789 374 838 ut.
387 766 529 838 autuna
551 795 662 837 secum
692 767 953 836 Atheniensibus
980 765 1113 832 bellum
1134 769 1187 832 in-

143 876 261 957 ferant,
285 894 342 942 aut
362 875 561 968 Philippum
582 898 644 966 per
666 900 759 939 suam
781 891 903 940 terram
916 871 1061 936 Atticam
1074 872 1189 938 sinant

145 980 314 1060 invadere,
338 1003 452 1047 omnes
476 979 686 1071 eloquentiae
708 981 741 1044 vi
765 992 912 1067 superat,
937 975 1188 1068 Thebanosque

145 1085 188 1169 ad
216 1084 333 1175 sectius
367 1108 446 1150 cum
475 1084 740 1150 Atheniensibus
776 1077 963 1147 exstimulat
996 1080 1187 1163 (Demosthe

142 1179 195 1259 de.
212 1213 279 1257 cor.
301 1216 336 1283 p.
366 1193 429 1280 298
452 1191 516 1283 sq.)
523 1241 534 1272 ,
562 1189 740 1256 lenissimis
769 1188 822 1254 his
853 1185 1101 1273 conditionibus
1134 1189 1189 1255 in·

146 1296 313 1379 eundum,
343 1296 528 1364 secundum
554 1296 737 1363 Aesch.1n
767 1295 853 1361 Ctes
883 1319 918 1387 Ρ.
955 1293 996 1383 74
1028 1295 1121 1375 ἱιιὶι..,
1152 1312 1190 1362 ut

147 1420 338 1495 sumptuum
359 1406 496 1470 nonnisi
518 1404 650 1470 tertiam
671 1408 801 1494 partem
823 1398 1051 1492 contribuant,
1083 1416 1190 1469 terra-

108 1590 111 1597 ·
147 1533 214 1600 que
222 1509 464 1601 principatum
493 1506 576 1573 belli
603 1509 782 1574 obtineant.
822 1506 911 1590 Quo
932 1503 1033 1584 facte,
1062 1504 1193 1572 Demo-

52 1600 55 1606 *
85 1701 88 1706 Ι
148 1614 279 1680 sthenes
301 1613 412 1705 pergit
433 1611 471 1700 (l.
495 1637 523 1679 c.
547 1638 582 1704 p.
605 1614 695 1702 300),
719 1609 1192 1676 ThebaniinvitaruntAthe-

112 1753 114 1756 ·
148 1720 299 1798 nienses,
328 1717 365 1783 l1i
395 1741 472 1782 cum
500 1718 599 1782 armis
624 1718 744 1807 egressi
767 1719 893 1798 sunt*)3
918 1714 973 1779 ivn
993 1712 1065 1778 τάν
1085 1715 1192 1804 μέσῳ
1220 1754 1223 1759 -

148 1823 389 1908 παραλείπω,
415 1822 513 1898 οὕτως
535 1823 652 1897 elatiore
671 1817 754 1903 ὑμᾶς
776 1819 934 1900 ἐδέχοντο,
964 1817 1018 1894 ὦς’
1041 1812 1105 1894 ἕξω
1127 1825 1193 1885 τῶν

148 1924 283 1991 ὁπλιτῶν
304 1926 354 1990 καὶ
376 1931 439 1989 τῶν
460 1922 576 1989 ἱππέων
598 1923 706 2004 ὄντων,
731 1911 772 1999 εἷς
793 1922 851 1998 τὰς
865 1925 963 1998 οἰκίας
978 1925 1029 1987 καὶ
1049 1921 1087 1988 τὸ
1110 1923 1193 1988 ἄστυ

149 2029 297 2111 δέχεσθαι
323 2027 382 2112 τὴν
409 2027 558 2114 στρατιὰν
587 2029 636 2093 ἐπὶ
664 2030 779 2104 παῖδας
810 2027 860 2090 καὶ
892 2036 1038 2112 ponciaco
1066 2025 1117 2090 καὶ
1147 2026 1191 2090 τὰ

149 2130 333 2215 τιμιώτατα.
378 2130 463 2195 lnde
486 2132 646 2198 continuo
669 2130 711 2195 ad
739 2128 867 2196 bellum
888 2133 1007 2197 transit
1033 2127 1073 2194 ad
1100 2126 1187 2194 lines

150 2236 305 2302 Boeotiae
327 2253 463 2325 gestum.

240 2340 344 2405 Nobis
368 2358 496 2419 tamen,
528 2341 725 2431 priusquam
752 2339 815 2406 hoc
837 2362 1090 2431 persequamur,
1112 2360 1194 2428 per-

51 2466 56 2483 ‘
152 2443 331 2512 scrutanda
360 2469 397 2509 ea
424 2445 572 2562 plimum
601 2442 771 2525 videntur,
810 2468 896 2535 quae
930 2443 962 2508 ἔν
990 2445 1078 2561 μέσιΡ
1106 2441 1193 2510 facta

151 2549 390 2617 Demosthenes
418 2548 588 2666 praeterit:
643 2549 692 2613 Ea
727 2571 803 2615 vero
847 2545 991 2648 petenda
1029 2548 1195 2613 nimirum

53 2694 59 2714 1
152 2672 230 2718 sunt
253 2677 288 2716 ex
310 2650 484 2716 Aeschinis
507 2674 555 2716 or.
579 2653 615 2715 in
640 2652 724 2717 Ctes
748 2678 782 2744 p.
807 2651 858 2741 74.
883 2669 964 2718 extr.
987 2675 1063 2742 sqq.

175 2755 302 2820 Hic
325 2756 417 2817 enim
439 2752 635 2845 Philippum
657 2754 774 2836 refert,
809 2754 953 2822 Graecos
975 2780 1196 2876 nequaquam

153 2859 408 2977 despicientem,
440 2875 473 2922 et
488 2839 720 2948 periculosius
749 2853 811 2925 sihi
840 2859 1062 2940 feneratum,
1093 2861 1122 2926 si
1145 2884 1196 2943 ea,

154 2987 238 3054 quae
260 2962 461 3053 acquisisset,
490 2960 666 3028 commoda
692 2979 821 3029 tautum
859 2963 896 3027 in
924 2961 1156 3029 discrimen
1137 2987 1197 3033 vo-

153 3085 252 3167 caret,
276 3085 453 3159 postquam
475 3068 580 3133 ictum
595 3064 717 3161 ⁸foedus
740 3085 823 3134 esset
850 3068 938 3135 inter
959 3067 1140 3136 Thebanos
1164 3085 1198 3136 et

153 3265 464 3283 m

196 3419 219 3496 )
242 3422 396 3480 Aeschines
419 3394 517 3480 contra
539 3421 570 3495 (l.
592 3437 616 3481 c
639 3443 669 3502 p.
700 3426 740 3498 73
769 3420 891 3500 med.)
883 3421 1014 3481 invitasse
1037 3406 1195 3484 Thebanos

204 3547 207 3553 -
233 3508 437 3582 Athenienses,
460 3522 614 3612 postquam
636 3506 724 3568 modo
747 3509 845 3568 Elatea
867 3524 949 3590 capta
972 3524 1056 3584 esset,
1079 3511 1194 3592 hosque

240 3614 370 3698 egressos
400 3592 469 3653 dicit
500 3591 573 3674 πρὶν
600 3591 669 3676 περὶ
697 3592 875 3674 συμμαχίας
902 3591 978 3674 μίαν
998 3590 1098 3672 μόνον
1120 3598 1197 3658 σαλ-

88 3715 89 3718 *
162 3725 166 3730 -
239 3673 339 3758 λαβὴν
360 3675 481 3761 γράψαι
503 3677 725 3777 Δημοσθένην.
770 3681 830 3741 Sed
852 3682 1079 3742 invidiadictum
1101 3685 1197 3767 liquet

175 3800 178 3805 ·
240 3765 286 3826 vel
309 3788 342 3826 ex
365 3769 430 3847 ipso
452 3760 654 3827 Dem'osthenis
682 3769 799 3829 decreto
816 3768 860 3828 de
883 3768 1002 3829 foedere
1026 3792 1093 3829 cum
1116 3772 1197 3831 The·

138 3870 140 3873 ’
175 3908 177 3913 .
223 3854 319 3916 :hastis
353 3853 488 3911 ineundo.
542 3854 608 3913 Hoc
637 3856 712 3914 enim
753 3856 841 3914 latum
876 3872 919 3916 cst
941 3858 1093 3916 continuo
1129 3871 1197 3940 post

160 3984 163 3989 -
240 3941 367 4001 Elateam
400 3954 581 4020 occupatam,
615 3963 678 4022 quo
720 3959 865 4025 tempore,
899 3959 934 4003 ut
961 3945 1056 4024 ipsum
1098 3943 1196 4020 docet,

182 4080 185 4088 .
241 4028 372 4090 Thebani
396 4026 432 4085 de
455 4025 590 4087 subsidiis
613 4027 649 4088 ab
672 4030 894 4092 Atheniensibus
917 4031 1094 4093 arcessendis
1125 4055 1198 4093 non·

242 4114 311 4175 duta
335 4112 505 4197 cogitabant.
