2594 4672
611 214 767 352 ..ις

274 406 385 522 Quod
411 421 523 521 igitur
549 444 646 521 opus
679 423 733 495 Te
765 419 858 497 duce
892 421 1203 527 adhortatoreque

89 555 93 567 ’
169 557 363 641 coeptum,
397 545 478 614 Tua
498 539 725 615 humanitate
751 540 926 638 adiutum,
952 561 1204 647 spstentatum,

80 679 82 685 '
165 687 265 735 nunc
302 658 614 752 absolutum'est,
644 661 721 737 hoc
755 662 840 738 Tibi
873 664 1039 748 oblatum
1064 669 1231 755 huma-s

162 787 260 855 niter
286 771 428 880 excipe,
454 780 611 882 Tibique
637 786 783 884 pietatis
804 810 910 862 meae
936 804 1082 888 gratum
1107 788 1201 864 velis

85 933 87 937 ·
160 917 443 992 monumentum
469 917 624 976 exstare.

197 1040 200 1045 ‘
241 1024 450 1121 Superest,
478 1037 518 1094 ut
544 1021 703 1097 referam
737 1023 902 1124 Tibique
925 1025 1097 1125 probem,
1122 1051 1198 1127 qua

156 1147 297 1217 ratione
331 1143 421 1215 Tuis'
462 1168 484 1215 a
525 1167 585 1215 me
610 1157 612 1164 ⁴
637 1146 706 1249 sit¹
737 1144 966 1221 satisfactum
1006 1145 1197 1248 mandatis.

155 1267 390 1339 Paucanosti
403 1262 528 1363 fuisse,
554 1266 592 1338 in
607 1261 747 1363 quibus
769 1268 932 1349 rationes
947 1292 1052 1345 meae
1069 1296 1091 1342 a
1107 1272 1197 1343 Tuis

36 1386 43 1413 ⁵
156 1389 306 1458 omnino
331 1382 578 1475 discederent,
599 1409 727 1485 eaque
749 1387 872 1459 minus
889 1414 945 1461 -ex
971 1374 1121 1464 diversa
1146 1389 1195 1464 de

154 1505 269 1580 rebus
309 1509 423 1605 gestis
466 1503 775 1605 temporibusque
810 1510 1044 1606 cognitione,
1080 1532 1193 1608 quam

153 1655 198 1703 ex
225 1627 371 1701 diversa
398 1624 446 1697 de
473 1628 721 1698 monumentis
755 1625 933 1725 publicis,
960 1629 1116 1699 orationi
1144 1626 1192 1704 de

151 1774 291 1823 corona
316 1750 474 1835 insertis,
503 1746 678 1840 opinione
703 1744 884 1845 profecta.
938 1749 997 1818 Tu
1023 1749 1122 1821 enim
1143 1759 1193 1821 'ea

149 1897 171 1943 a
197 1867 395 1943 recentiori
423 1860 588 1963 quodam
624 1866 704 1936 viro
731 1861 844 1937 docto
872 1862 1029 1940 collecta
1055 1873 1191 1944 statui·-

149 1995 213 2080 sti,
248 2012 319 2086 ego
353 1982 402 2056 ab
437 1986 520 2082 ipso
565 1981 719 2083 quidem
753 2000 900 2060 oratore
938 1977 1107 2089 profecta
1145 2015 1190 2065 ea

149 2104 420 2196 existimabam,
461 2130 623 2203 quorum
651 2122 772 2178 tamen
798 2108 1026 2207 praescripta
1051 2089 1188 2184 recen-

118 2262 124 2282 ν·
146 2231 252 2303 tionis
294 2226 487 2300 cuiusdam
530 2225 632 2299 docti
653 2224 767 2300 -male
804 2225 957 2316 doctum
995 2213 1187 2329 ingenium

145 2350 351 2450 depravare
377 2351 549 2448 potuerit.
601 2351 657 2422 Ex
681 2346 754 2422 hac
777 2349 955 2448 opinione
981 2350 1074 2427 mihi
1099 2341 1186 2428 libri

144 2473 218 2545 mei
246 2497 326 2571 cap.
353 2473 411 2563 111,
439 2469 548 2570 quod·
568 2473 667 2568 typis
694 2472 870 2545 excusum
896 2468 971 2544 iarn
997 2489 1085 2565 erat,
1112 2499 1184 2547 an-

143 2609 294 2693 tequam
348 2581 467 2664 Tuam
518 2592 757 2688 scriptionem
800 2595 949 2690 accepi,
1006 2590 1183 2673 difficilli-

142 2739 225 2787 mae
253 2711 340 2784 illae·
364 2710 655 2809 discrepantiae,
683 2708 820 2809 quibus
852 2714 978 2811 priora
1004 2710 1081 2787 duo
1108 2713 1182 2791 de-

126 2849 243 2908 creta
275 2831 465 2922 laborant,
500 2828 773 2934 quodammodo
801 2830 1040 2931 explicandae
1067 2835 1180 2911 vide-

139 2954 287 3029 bantur.
339 2957 380 3024 In
408 2975 482 3052 qua
510 2949 757 3050 explicatione
785 2966 906 3025 tamen
924 2970 1104 3054 quantum
1117 2983 1178 3033 me

139 3077 323 3168 torserim‚
351 3097 465 3174 quam
486 3098 624 3173 ,parum
650 3071 743 3145 mihi
775 3073 1028 3168 satisfecerim,
1054 3081 1179 3152 nemi·-
1220 3055 1226 3066 ⁸

138 3223 225 3272 nem
251 3195 378 3297 fugiet.
432 3192 755 3290 Quamobrem,
791 3221 906 3295 quum
934 3201 1177 3274 Commenta-

139 3323 239 3393 tione
266 3321 347 3392 Tua
372 3317 537 3417 perlecta
551 3314 592 3388 id
608 3315 735 3392 mibia
759 3319 813 3390 Te
839 3309 1052 3393 felicissime
1078 3345 1176 3396 con·
1242 3403 1243 3407 Ἴ

136 3446 272 3515 iectum
305 3456 342 3514 et
375 3441 521 3513 invictis
554 3437 761 3512 rationibus
797 3437 1085 3515 demonstratum
1111 3446 1176 3518 vi-

138 3561 308 3652 deretur,
350 3557 544 3633 archontes
585 3574 687 3633 certe
726 3559 811 3633 illos
843 3559 1174 3662 pseudeponymos

137 3685 286 3759 omnino
315 3706 440 3754 errore
466 3684 530 3754 niti
558 3695 594 3753 et
621 3707 667 3754 ex
701 3681 833 3755 scribis
860 3706 941 3757 esse
967 3664 1202 3759 secundum

80 3890 82 3896 Ι
134 3804 341 3908 prytaniam
368 3819 485 3891 natos,
510 3828 585 3875 non
611 3808 731 3902 potui,
764 3805 854 3903 quin
881 3808 1022 3879 Tecum
1048 3809 1172 3880 omnia

135 3941 375 3999 monumenta
408 3922 557 4023 publica
590 3949 611 3995 a
646 3927 726 3999 viro
761 3924 924 4026 quodam
958 3925 1070 4002 docto
1103 3951 1170 3999 re·-

137 4049 279 4123 centius
315 4042 470 4118 collecta
503 4061 538 4118 et
573 4049 724 4120 orationi
742 4068 833 4125 ,esse
860 4048 996 4124 inserta
1017 4063 1169 4123 statue-
