<?xml version="1.0" encoding="UTF-8"?>
<!DOCTYPE html PUBLIC "-//W3C//DTD XHTML 1.0 Transitional//EN"
    "http://www.w3.org/TR/xhtml1/DTD/xhtml1-transitional.dtd">
<html xmlns="http://www.w3.org/1999/xhtml" xml:lang="en" lang="en">
 <head>
  <title>
</title>
<meta http-equiv="Content-Type" content="text/html;charset=utf-8" />
  <meta name='ocr-system' content='tesseract 3.04.00' />
  <meta name='ocr-capabilities' content='ocr_page ocr_carea ocr_par ocr_line ocrx_word'/>
</head>
<body>
  <div class='ocr_page' id='page_1' title='image "./commentariihist00wiengoog_0176.png"; bbox 0 0 2594 4672; ppageno 0'>
   <div class='ocr_carea' id='block_1_1' title="bbox 565 269 722 381">
    <p class='ocr_par' dir='ltr' id='par_1_1' title="bbox 565 269 722 381">
     <span class='ocr_line' id='line_1_1' title="bbox 565 269 722 381; baseline 0 -40"><span class='ocrx_word' id='word_1_1' title='bbox 565 269 722 381; x_wconf 41' lang='lat' dir='ltr'><strong>gp„</strong></span> 
     </span>
    </p>
   </div>
   <div class='ocr_carea' id='block_1_2' title="bbox 77 441 1170 1685">
    <p class='ocr_par' dir='ltr' id='par_1_2' title="bbox 77 441 1170 1685">
     <span class='ocr_line' id='line_1_2' title="bbox 77 441 1164 538; baseline -0.003 -23"><span class='ocrx_word' id='word_1_2' title='bbox 77 464 79 472; x_wconf 81' lang='grc'><strong>’</strong></span> <span class='ocrx_word' id='word_1_3' title='bbox 122 447 240 515; x_wconf 78' lang='lat' dir='ltr'><strong>cidisse</strong></span> <span class='ocrx_word' id='word_1_4' title='bbox 274 444 417 514; x_wconf 82' lang='lat' dir='ltr'><strong>dixisset.</strong></span> <span class='ocrx_word' id='word_1_5' title='bbox 449 445 685 538; x_wconf 75' lang='lat' dir='ltr'><strong>&#39;Legationem</strong></span> <span class='ocrx_word' id='word_1_6' title='bbox 710 462 823 516; x_wconf 79' lang='lat' dir='ltr'><strong>autem</strong></span> <span class='ocrx_word' id='word_1_7' title='bbox 849 446 887 512; x_wconf 88' lang='lat' dir='ltr'><strong>in</strong></span> <span class='ocrx_word' id='word_1_8' title='bbox 923 467 971 513; x_wconf 87' lang='lat' dir='ltr'><strong>or.</strong></span> <span class='ocrx_word' id='word_1_9' title='bbox 1008 441 1095 512; x_wconf 85' lang='lat' dir='ltr'><strong>Phil.</strong></span> <span class='ocrx_word' id='word_1_10' title='bbox 1111 442 1164 512; x_wconf 78' lang='grc' dir='ltr'><strong><em>Ἡ</em></strong></span> 
     </span>
     <span class='ocr_line' id='line_1_3' title="bbox 122 538 1165 672; baseline -0.004 -52"><span class='ocrx_word' id='word_1_11' title='bbox 122 538 340 620; x_wconf 78' lang='lat' dir='ltr'><strong>memoratam</strong></span> <span class='ocrx_word' id='word_1_12' title='bbox 361 549 452 618; x_wconf 88' lang='lat' dir='ltr'><strong>baud</strong></span> <span class='ocrx_word' id='word_1_13' title='bbox 481 552 601 646; x_wconf 80' lang='lat' dir='ltr'><strong>exiguo</strong></span> <span class='ocrx_word' id='word_1_14' title='bbox 631 553 740 644; x_wconf 88' lang='lat' dir='ltr'><strong>spatio</strong></span> <span class='ocrx_word' id='word_1_15' title='bbox 772 567 950 672; x_wconf 85' lang='lat' dir='ltr'><strong>autequam</strong></span> <span class='ocrx_word' id='word_1_16' title='bbox 978 550 1165 620; x_wconf 88' lang='lat' dir='ltr'><strong>orationem</strong></span> 
     </span>
     <span class='ocr_line' id='line_1_4' title="bbox 124 653 1166 757; baseline -0.005 -33"><span class='ocrx_word' id='word_1_17' title='bbox 124 660 232 751; x_wconf 81' lang='lat' dir='ltr'><strong>ipsam</strong></span> <span class='ocrx_word' id='word_1_18' title='bbox 255 654 496 722; x_wconf 84' lang='lat' dir='ltr'><strong>Demosthenes</strong></span> <span class='ocrx_word' id='word_1_19' title='bbox 526 673 726 747; x_wconf 82' lang='lat' dir='ltr'>peroraret</span> <span class='ocrx_word' id='word_1_20' title='bbox 722 658 865 723; x_wconf 88' lang='lat' dir='ltr'><strong>missam</strong></span> <span class='ocrx_word' id='word_1_21' title='bbox 896 655 932 720; x_wconf 89' lang='lat' dir='ltr'><strong>in</strong></span> <span class='ocrx_word' id='word_1_22' title='bbox 954 653 1166 757; x_wconf 86' lang='lat' dir='ltr'><strong>Peloponne</strong></span> 
     </span>
     <span class='ocr_line' id='line_1_5' title="bbox 124 756 1167 853; baseline -0.004 -25"><span class='ocrx_word' id='word_1_23' title='bbox 124 787 198 853; x_wconf 88' lang='lat' dir='ltr'><strong>sum</strong></span> <span class='ocrx_word' id='word_1_24' title='bbox 221 784 300 842; x_wconf 85' lang='lat' dir='ltr'><strong>esse,</strong></span> <span class='ocrx_word' id='word_1_25' title='bbox 324 783 364 826; x_wconf 83' lang='lat' dir='ltr'><strong>ex</strong></span> <span class='ocrx_word' id='word_1_26' title='bbox 387 783 426 828; x_wconf 90' lang='lat' dir='ltr'><strong>eo</strong></span> <span class='ocrx_word' id='word_1_27' title='bbox 447 756 501 827; x_wconf 89' lang='lat' dir='ltr'><strong>vel</strong></span> <span class='ocrx_word' id='word_1_28' title='bbox 519 783 662 826; x_wconf 83' lang='lat' dir='ltr'><strong>maxrme</strong></span> <span class='ocrx_word' id='word_1_29' title='bbox 674 775 776 850; x_wconf 84' lang='lat' dir='ltr'><strong>patet,</strong></span> <span class='ocrx_word' id='word_1_30' title='bbox 799 757 892 853; x_wconf 85' lang='lat' dir='ltr'><strong>quod</strong></span> <span class='ocrx_word' id='word_1_31' title='bbox 914 782 987 825; x_wconf 90' lang='lat' dir='ltr'><strong>eam</strong></span> <span class='ocrx_word' id='word_1_32' title='bbox 1004 758 1084 825; x_wconf 83' lang='lat' dir='ltr'><strong>alias</strong></span> <span class='ocrx_word' id='word_1_33' title='bbox 1107 758 1167 831; x_wconf 79' lang='lat' dir='ltr'><strong>ad-¹</strong></span> 
     </span>
     <span class='ocr_line' id='line_1_6' title="bbox 123 862 1167 957; baseline -0.003 -26"><span class='ocrx_word' id='word_1_34' title='bbox 123 866 190 931; x_wconf 91' lang='lat' dir='ltr'><strong>huc</strong></span> <span class='ocrx_word' id='word_1_35' title='bbox 213 865 394 957; x_wconf 85' lang='lat' dir='ltr'><strong>legationes</strong></span> <span class='ocrx_word' id='word_1_36' title='bbox 416 871 605 932; x_wconf 86' lang='lat' dir='ltr'><strong>subsecutas</strong></span> <span class='ocrx_word' id='word_1_37' title='bbox 627 863 869 932; x_wconf 79' lang='lat' dir='ltr'><strong>Demosthenes</strong></span> <span class='ocrx_word' id='word_1_38' title='bbox 891 862 974 933; x_wconf 88' lang='lat' dir='ltr'><strong>dicit</strong></span> <span class='ocrx_word' id='word_1_39' title='bbox 999 863 1066 952; x_wconf 80' lang='grc' dir='ltr'><strong>(καὶ</strong></span> <span class='ocrx_word' id='word_1_40' title='bbox 1087 869 1167 928; x_wconf 69' lang='lat' dir='ltr'><strong>nol-</strong></span> 
     </span>
     <span class='ocr_line' id='line_1_7' title="bbox 123 965 1168 1057; baseline -0.003 -22"><span class='ocrx_word' id='word_1_41' title='bbox 123 970 198 1045; x_wconf 78' lang='grc' dir='ltr'><strong><em>λοὺς</em></strong></span> <span class='ocrx_word' id='word_1_42' title='bbox 228 967 369 1055; x_wconf 78' lang='grc' dir='ltr'><strong><em>ἓτίρσυς</em></strong></span> <span class='ocrx_word' id='word_1_43' title='bbox 384 965 496 1055; x_wconf 86' lang='grc' dir='ltr'><strong><em>λόγους</em></strong></span> <span class='ocrx_word' id='word_1_44' title='bbox 522 967 609 1057; x_wconf 77' lang='grc' dir='ltr'><strong><em>παρὰ</em></strong></span> <span class='ocrx_word' id='word_1_45' title='bbox 643 974 707 1036; x_wconf 72' lang='grc' dir='ltr'><strong>τῶν</strong></span> <span class='ocrx_word' id='word_1_46' title='bbox 738 969 897 1056; x_wconf 76' lang='grc' dir='ltr'><strong><em>πρέσβειον</em></strong></span> <span class='ocrx_word' id='word_1_47' title='bbox 929 968 980 1033; x_wconf 79' lang='grc' dir='ltr'><strong>καί</strong></span> <span class='ocrx_word' id='word_1_48' title='bbox 1011 965 1168 1055; x_wconf 82' lang='grc' dir='ltr'><strong><em>παρόντος</em></strong></span> 
     </span>
     <span class='ocr_line' id='line_1_8' title="bbox 125 1070 1168 1156; baseline 0.002 -18"><span class='ocrx_word' id='word_1_49' title='bbox 125 1072 200 1156; x_wconf 74' lang='grc' dir='ltr'><strong>ἐμοῦ</strong></span> <span class='ocrx_word' id='word_1_50' title='bbox 228 1074 279 1139; x_wconf 79' lang='grc' dir='ltr'><strong>καὶ</strong></span> <span class='ocrx_word' id='word_1_51' title='bbox 307 1070 423 1137; x_wconf 82' lang='grc' dir='ltr'><strong>πάλιν</strong></span> <span class='ocrx_word' id='word_1_52' title='bbox 447 1070 628 1156; x_wconf 82' lang='grc' dir='ltr'><strong><em>υστερον).</em></strong></span> <span class='ocrx_word' id='word_1_53' title='bbox 681 1073 773 1139; x_wconf 83' lang='lat' dir='ltr'><strong>Tum</strong></span> <span class='ocrx_word' id='word_1_54' title='bbox 802 1095 879 1140; x_wconf 82' lang='lat' dir='ltr'><strong>vcro</strong></span> <span class='ocrx_word' id='word_1_55' title='bbox 907 1086 1043 1138; x_wconf 89' lang='lat' dir='ltr'><strong>eventus</strong></span> <span class='ocrx_word' id='word_1_56' title='bbox 1065 1072 1168 1140; x_wconf 84' lang='lat' dir='ltr'><strong>etiam</strong></span> 
     </span>
     <span class='ocr_line' id='line_1_9' title="bbox 124 1173 1167 1270; baseline 0.001 -29"><span class='ocrx_word' id='word_1_57' title='bbox 124 1176 320 1266; x_wconf 86' lang='lat' dir='ltr'><strong>posterioris</strong></span> <span class='ocrx_word' id='word_1_58' title='bbox 347 1174 448 1241; x_wconf 89' lang='lat' dir='ltr'><strong>huius</strong></span> <span class='ocrx_word' id='word_1_59' title='bbox 470 1174 646 1267; x_wconf 83' lang='lat' dir='ltr'><strong>legationis</strong></span> <span class='ocrx_word' id='word_1_60' title='bbox 668 1177 814 1269; x_wconf 84' lang='lat' dir='ltr'><strong>gravior,</strong></span> <span class='ocrx_word' id='word_1_61' title='bbox 845 1200 947 1270; x_wconf 84' lang='lat' dir='ltr'><strong>quam</strong></span> <span class='ocrx_word' id='word_1_62' title='bbox 973 1173 1067 1242; x_wconf 86' lang='lat' dir='ltr'><strong>illius</strong></span> <span class='ocrx_word' id='word_1_63' title='bbox 1094 1175 1167 1243; x_wconf 81' lang='lat' dir='ltr'><strong>luit.¹</strong></span> 
     </span>
     <span class='ocr_line' id='line_1_10' title="bbox 126 1272 1169 1372; baseline 0 -27"><span class='ocrx_word' id='word_1_64' title='bbox 126 1277 321 1370; x_wconf 83' lang='lat' dir='ltr'><strong>impediisse</strong></span> <span class='ocrx_word' id='word_1_65' title='bbox 343 1301 378 1343; x_wconf 87' lang='lat' dir='ltr'><strong>se</strong></span> <span class='ocrx_word' id='word_1_66' title='bbox 400 1279 492 1345; x_wconf 89' lang='lat' dir='ltr'><strong>enim</strong></span> <span class='ocrx_word' id='word_1_67' title='bbox 514 1272 679 1369; x_wconf 81' lang='lat' dir='ltr'><strong>legatione</strong></span> <span class='ocrx_word' id='word_1_68' title='bbox 694 1279 763 1346; x_wconf 85' lang='lat' dir='ltr'><strong>hac</strong></span> <span class='ocrx_word' id='word_1_69' title='bbox 782 1279 1032 1347; x_wconf 86' lang='lat' dir='ltr'><strong>Demosthenes</strong></span> <span class='ocrx_word' id='word_1_70' title='bbox 1046 1278 1169 1372; x_wconf 85' lang='lat' dir='ltr'><strong>gloria-</strong></span> 
     </span>
     <span class='ocr_line' id='line_1_11' title="bbox 125 1381 1170 1478; baseline 0.003 -30"><span class='ocrx_word' id='word_1_71' title='bbox 125 1401 197 1464; x_wconf 86' lang='lat' dir='ltr'><strong>tur,</strong></span> <span class='ocrx_word' id='word_1_72' title='bbox 221 1382 399 1474; x_wconf 89' lang='lat' dir='ltr'><strong>quominus</strong></span> <span class='ocrx_word' id='word_1_73' title='bbox 427 1382 466 1448; x_wconf 89' lang='lat' dir='ltr'><strong>in</strong></span> <span class='ocrx_word' id='word_1_74' title='bbox 492 1381 766 1475; x_wconf 81' lang='lat' dir='ltr'><strong>Peloponnesum</strong></span> <span class='ocrx_word' id='word_1_75' title='bbox 793 1383 970 1478; x_wconf 92' lang='lat' dir='ltr'><strong>Philippus</strong></span> <span class='ocrx_word' id='word_1_76' title='bbox 998 1383 1170 1452; x_wconf 89' lang='lat' dir='ltr'><strong>invaderet</strong></span> 
     </span>
     <span class='ocr_line' id='line_1_12' title="bbox 127 1484 1169 1581; baseline 0.002 -27"><span class='ocrx_word' id='word_1_77' title='bbox 127 1504 161 1554; x_wconf 87' lang='lat' dir='ltr'><strong>et</strong></span> <span class='ocrx_word' id='word_1_78' title='bbox 172 1486 384 1552; x_wconf 82' lang='lat' dir='ltr'><strong>Ambraciam</strong></span> <span class='ocrx_word' id='word_1_79' title='bbox 407 1484 756 1580; x_wconf 83' lang='lat' dir='ltr'><strong>aggrederetur,Phil.</strong></span> <span class='ocrx_word' id='word_1_80' title='bbox 771 1488 820 1554; x_wconf 88' lang='lat'><strong>111</strong></span> <span class='ocrx_word' id='word_1_81' title='bbox 839 1506 874 1581; x_wconf 75' lang='lat' dir='ltr'><strong>p.</strong></span> <span class='ocrx_word' id='word_1_82' title='bbox 895 1510 964 1577; x_wconf 84' lang='lat'><strong>¹²9·</strong></span> <span class='ocrx_word' id='word_1_83' title='bbox 1004 1486 1075 1574; x_wconf 76' lang='lat' dir='ltr'><strong>His·</strong></span> <span class='ocrx_word' id='word_1_84' title='bbox 1090 1511 1169 1556; x_wconf 87' lang='lat' dir='ltr'><strong>vero</strong></span> 
     </span>
     <span class='ocr_line' id='line_1_13' title="bbox 128 1589 1170 1685; baseline 0 -27"><span class='ocrx_word' id='word_1_85' title='bbox 128 1591 171 1658; x_wconf 91' lang='lat' dir='ltr'><strong>ad</strong></span> <span class='ocrx_word' id='word_1_86' title='bbox 193 1589 326 1657; x_wconf 90' lang='lat' dir='ltr'><strong>nullum</strong></span> <span class='ocrx_word' id='word_1_87' title='bbox 348 1590 444 1679; x_wconf 85' lang='lat' dir='ltr'><strong>aliud</strong></span> <span class='ocrx_word' id='word_1_88' title='bbox 464 1609 605 1685; x_wconf 89' lang='lat' dir='ltr'><strong>tempus,</strong></span> <span class='ocrx_word' id='word_1_89' title='bbox 628 1592 696 1659; x_wconf 88' lang='lat' dir='ltr'><strong>nisi</strong></span> <span class='ocrx_word' id='word_1_90' title='bbox 717 1589 761 1658; x_wconf 84' lang='lat' dir='ltr'><strong>ad</strong></span> <span class='ocrx_word' id='word_1_91' title='bbox 783 1589 920 1683; x_wconf 84' lang='lat' dir='ltr'><strong>Olymp.</strong></span> <span class='ocrx_word' id='word_1_92' title='bbox 944 1590 1046 1673; x_wconf 54' lang='lat' dir='ltr'><strong>CIX.</strong></span> <span class='ocrx_word' id='word_1_93' title='bbox 1067 1613 1088 1658; x_wconf 82' lang='lat' dir='ltr'><strong>a</strong></span> <span class='ocrx_word' id='word_1_94' title='bbox 1110 1591 1170 1658; x_wconf 79' lang='lat' dir='ltr'><strong>de·</strong></span> 
     </span>
    </p>
   </div>
   <div class='ocr_carea' id='block_1_3' title="bbox 129 1693 1282 1789">
    <p class='ocr_par' dir='ltr' id='par_1_3' title="bbox 129 1693 1282 1789">
     <span class='ocr_line' id='line_1_14' title="bbox 129 1693 1282 1789; baseline 0.003 -29"><span class='ocrx_word' id='word_1_95' title='bbox 129 1695 293 1761; x_wconf 85' lang='lat' dir='ltr'><strong>ducimur.</strong></span> <span class='ocrx_word' id='word_1_96' title='bbox 338 1694 426 1762; x_wconf 88' lang='lat' dir='ltr'><strong>Nam</strong></span> <span class='ocrx_word' id='word_1_97' title='bbox 436 1694 491 1762; x_wconf 89' lang='lat' dir='ltr'><strong>Ol.</strong></span> <span class='ocrx_word' id='word_1_98' title='bbox 506 1695 596 1777; x_wconf 85' lang='lat' dir='ltr'>CIX,</span> <span class='ocrx_word' id='word_1_99' title='bbox 615 1719 627 1762; x_wconf 91' lang='lat'>1</span> <span class='ocrx_word' id='word_1_100' title='bbox 644 1695 781 1762; x_wconf 88' lang='lat' dir='ltr'><strong>ineuute</strong></span> <span class='ocrx_word' id='word_1_101' title='bbox 797 1693 960 1775; x_wconf 85' lang='lat' dir='ltr'><strong>mediove,</strong></span> <span class='ocrx_word' id='word_1_102' title='bbox 984 1717 1052 1789; x_wconf 91' lang='lat' dir='ltr'><strong>quo</strong></span> <span class='ocrx_word' id='word_1_103' title='bbox 1065 1697 1170 1764; x_wconf 86' lang='lat' dir='ltr'><strong>oratio</strong></span> <span class='ocrx_word' id='word_1_104' title='bbox 1280 1710 1282 1715; x_wconf 80' lang='grc'><strong>“</strong></span> 
     </span>
    </p>
   </div>
   <div class='ocr_carea' id='block_1_4' title="bbox 125 1797 1223 2413">
    <p class='ocr_par' dir='ltr' id='par_1_4' title="bbox 125 1797 1223 2413">
     <span class='ocr_line' id='line_1_15' title="bbox 130 1797 1194 1891; baseline 0.001 -25"><span class='ocrx_word' id='word_1_105' title='bbox 130 1799 201 1866; x_wconf 86' lang='lat' dir='ltr'><strong>adv.</strong></span> <span class='ocrx_word' id='word_1_106' title='bbox 223 1797 371 1891; x_wconf 77' lang='lat' dir='ltr'><strong>Philipp.</strong></span> <span class='ocrx_word' id='word_1_107' title='bbox 394 1801 427 1866; x_wconf 90' lang='lat'><strong>11</strong></span> <span class='ocrx_word' id='word_1_108' title='bbox 449 1800 564 1867; x_wconf 88' lang='lat' dir='ltr'><strong>habita</strong></span> <span class='ocrx_word' id='word_1_109' title='bbox 586 1816 649 1880; x_wconf 89' lang='lat' dir='ltr'><strong>est,</strong></span> <span class='ocrx_word' id='word_1_110' title='bbox 670 1823 786 1868; x_wconf 89' lang='lat' dir='ltr'><strong>rerum</strong></span> <span class='ocrx_word' id='word_1_111' title='bbox 807 1797 1033 1891; x_wconf 86' lang='lat' dir='ltr'><strong>Peloponnesi</strong></span> <span class='ocrx_word' id='word_1_112' title='bbox 1053 1803 1082 1868; x_wconf 90' lang='lat' dir='ltr'><strong>is</strong></span> <span class='ocrx_word' id='word_1_113' title='bbox 1103 1801 1171 1868; x_wconf 89' lang='lat' dir='ltr'><strong>iam</strong></span> <span class='ocrx_word' id='word_1_114' title='bbox 1192 1863 1194 1867; x_wconf 42' lang='lat'><strong>.</strong></span> 
     </span>
     <span class='ocr_line' id='line_1_16' title="bbox 125 1901 1176 1998; baseline 0.002 -28"><span class='ocrx_word' id='word_1_115' title='bbox 125 1921 333 1984; x_wconf 71' lang='lat' dir='ltr'><strong>sumserat,</strong></span> <span class='ocrx_word' id='word_1_116' title='bbox 356 1921 394 1971; x_wconf 91' lang='lat' dir='ltr'><strong>ut</strong></span> <span class='ocrx_word' id='word_1_117' title='bbox 415 1904 593 1997; x_wconf 70' lang='lat' dir='ltr'><strong>‘gliscentes</strong></span> <span class='ocrx_word' id='word_1_118' title='bbox 623 1905 691 1971; x_wconf 89' lang='lat' dir='ltr'><strong>iam</strong></span> <span class='ocrx_word' id='word_1_119' title='bbox 721 1901 850 1970; x_wconf 89' lang='lat' dir='ltr'><strong>dudum</strong></span> <span class='ocrx_word' id='word_1_120' title='bbox 876 1904 994 1972; x_wconf 81' lang='lat' dir='ltr'><strong>turbae</strong></span> <span class='ocrx_word' id='word_1_121' title='bbox 1015 1927 1090 1972; x_wconf 86' lang='lat' dir='ltr'><strong>mox</strong></span> <span class='ocrx_word' id='word_1_122' title='bbox 1111 1930 1176 1998; x_wconf 69' lang='lat' dir='ltr'><strong>pa·-⁴</strong></span> 
     </span>
     <span class='ocr_line' id='line_1_17' title="bbox 129 2007 1171 2103; baseline 0.005 -30"><span class='ocrx_word' id='word_1_123' title='bbox 129 2008 197 2074; x_wconf 91' lang='lat' dir='ltr'><strong>lam</strong></span> <span class='ocrx_word' id='word_1_124' title='bbox 219 2025 396 2098; x_wconf 87' lang='lat' dir='ltr'><strong>erupturae</strong></span> <span class='ocrx_word' id='word_1_125' title='bbox 417 2009 620 2077; x_wconf 85' lang='lat' dir='ltr'><strong>viderentur.</strong></span> <span class='ocrx_word' id='word_1_126' title='bbox 665 2007 845 2103; x_wconf 86' lang='lat' dir='ltr'><strong>Philippus</strong></span> <span class='ocrx_word' id='word_1_127' title='bbox 867 2010 935 2076; x_wconf 88' lang='lat' dir='ltr'><strong>iam</strong></span> <span class='ocrx_word' id='word_1_128' title='bbox 948 2012 1171 2077; x_wconf 82' lang='lat' dir='ltr'><strong>mercenarios</strong></span> 
     </span>
     <span class='ocr_line' id='line_1_18' title="bbox 130 2111 1172 2206; baseline 0.005 -28"><span class='ocrx_word' id='word_1_129' title='bbox 130 2129 163 2178; x_wconf 90' lang='lat' dir='ltr'><strong>et</strong></span> <span class='ocrx_word' id='word_1_130' title='bbox 185 2113 406 2204; x_wconf 84' lang='lat' dir='ltr'><strong>pecuniarum</strong></span> <span class='ocrx_word' id='word_1_131' title='bbox 428 2111 578 2188; x_wconf 88' lang='lat' dir='ltr'><strong>subsidia</strong></span> <span class='ocrx_word' id='word_1_132' title='bbox 599 2115 636 2178; x_wconf 92' lang='lat' dir='ltr'><strong>in</strong></span> <span class='ocrx_word' id='word_1_133' title='bbox 657 2111 926 2206; x_wconf 88' lang='lat' dir='ltr'><strong>Peloponnesum</strong></span> <span class='ocrx_word' id='word_1_134' title='bbox 947 2115 1092 2197; x_wconf 91' lang='lat' dir='ltr'><strong>miserat,</strong></span> <span class='ocrx_word' id='word_1_135' title='bbox 1115 2137 1172 2182; x_wconf 84' lang='lat' dir='ltr'><strong>eo·</strong></span> 
     </span>
     <span class='ocr_line' id='line_1_19' title="bbox 130 2215 1223 2308; baseline 0.003 -27"><span class='ocrx_word' id='word_1_136' title='bbox 130 2216 276 2307; x_wconf 87' lang='lat' dir='ltr'><strong>demque</strong></span> <span class='ocrx_word' id='word_1_137' title='bbox 305 2216 378 2305; x_wconf 91' lang='lat' dir='ltr'><strong>ipse</strong></span> <span class='ocrx_word' id='word_1_138' title='bbox 408 2238 483 2282; x_wconf 87' lang='lat' dir='ltr'><strong>mox</strong></span> <span class='ocrx_word' id='word_1_139' title='bbox 504 2215 637 2308; x_wconf 84' lang='lat' dir='ltr'><strong>ingredi</strong></span> <span class='ocrx_word' id='word_1_140' title='bbox 665 2219 906 2306; x_wconf 86' lang='lat' dir='ltr'><strong>accingebatur.</strong></span> <span class='ocrx_word' id='word_1_141' title='bbox 933 2216 1042 2285; x_wconf 83' lang='lat' dir='ltr'><strong>-Heeo</strong></span> <span class='ocrx_word' id='word_1_142' title='bbox 1063 2221 1173 2286; x_wconf 81' lang='lat' dir='ltr'><strong>consi·</strong></span> <span class='ocrx_word' id='word_1_143' title='bbox 1209 2236 1223 2255; x_wconf 81' lang='lat'><strong>.</strong></span> 
     </span>
     <span class='ocr_line' id='line_1_20' title="bbox 129 2315 1173 2413; baseline 0.006 -29"><span class='ocrx_word' id='word_1_144' title='bbox 129 2318 178 2384; x_wconf 90' lang='lat' dir='ltr'><strong>lia</strong></span> <span class='ocrx_word' id='word_1_145' title='bbox 201 2315 337 2410; x_wconf 86' lang='lat' dir='ltr'><strong>Olymp.</strong></span> <span class='ocrx_word' id='word_1_146' title='bbox 351 2317 442 2399; x_wconf 83' lang='lat' dir='ltr'><strong>Clx,</strong></span> <span class='ocrx_word' id='word_1_147' title='bbox 457 2321 495 2409; x_wconf 68' lang='lat' dir='ltr'><strong>¹l2</strong></span> <span class='ocrx_word' id='word_1_148' title='bbox 507 2319 642 2386; x_wconf 88' lang='lat' dir='ltr'><strong>iamiam</strong></span> <span class='ocrx_word' id='word_1_149' title='bbox 657 2339 867 2413; x_wconf 77' lang='lat' dir='ltr'><strong>exsecuturus</strong></span> <span class='ocrx_word' id='word_1_150' title='bbox 879 2320 1060 2388; x_wconf 90' lang='lat' dir='ltr'><strong>videbatur.</strong></span> <span class='ocrx_word' id='word_1_151' title='bbox 1108 2324 1173 2390; x_wconf 76' lang='lat' dir='ltr'><strong>lsta</strong></span> 
     </span>
    </p>
   </div>
   <div class='ocr_carea' id='block_1_5' title="bbox 130 2422 1292 2516">
    <p class='ocr_par' dir='ltr' id='par_1_5' title="bbox 130 2422 1292 2516">
     <span class='ocr_line' id='line_1_21' title="bbox 130 2422 1292 2516; baseline 0.004 -28"><span class='ocrx_word' id='word_1_152' title='bbox 130 2446 246 2488; x_wconf 89' lang='lat' dir='ltr'><strong>rerum</strong></span> <span class='ocrx_word' id='word_1_153' title='bbox 269 2422 485 2489; x_wconf 88' lang='lat' dir='ltr'><strong>conversione</strong></span> <span class='ocrx_word' id='word_1_154' title='bbox 504 2446 654 2490; x_wconf 83' lang='lat' dir='ltr'><strong>summae</strong></span> <span class='ocrx_word' id='word_1_155' title='bbox 674 2424 711 2490; x_wconf 92' lang='lat' dir='ltr'><strong>in</strong></span> <span class='ocrx_word' id='word_1_156' title='bbox 726 2422 960 2516; x_wconf 87' lang='lat' dir='ltr'><strong>Peloponneso</strong></span> <span class='ocrx_word' id='word_1_157' title='bbox 982 2423 1098 2492; x_wconf 88' lang='lat' dir='ltr'><strong>turbae</strong></span> <span class='ocrx_word' id='word_1_158' title='bbox 1120 2450 1173 2493; x_wconf 83' lang='lat' dir='ltr'><strong>er·</strong></span> <span class='ocrx_word' id='word_1_159' title='bbox 1228 2481 1230 2486; x_wconf 88' lang='lat'><strong>.</strong></span> <span class='ocrx_word' id='word_1_160' title='bbox 1291 2454 1292 2457; x_wconf 43' lang='lat'>¹</span> 
     </span>
    </p>
   </div>
   <div class='ocr_carea' id='block_1_6' title="bbox 121 2527 1237 3670">
    <p class='ocr_par' dir='ltr' id='par_1_6' title="bbox 121 2527 1175 3346">
     <span class='ocr_line' id='line_1_22' title="bbox 132 2527 1175 2617; baseline 0.004 -24"><span class='ocrx_word' id='word_1_161' title='bbox 132 2529 253 2593; x_wconf 85' lang='lat' dir='ltr'><strong>citatae</strong></span> <span class='ocrx_word' id='word_1_162' title='bbox 275 2534 368 2605; x_wconf 85' lang='lat' dir='ltr'><strong>suut,</strong></span> <span class='ocrx_word' id='word_1_163' title='bbox 399 2549 481 2617; x_wconf 86' lang='lat' dir='ltr'><strong>quas</strong></span> <span class='ocrx_word' id='word_1_164' title='bbox 510 2527 548 2592; x_wconf 91' lang='lat' dir='ltr'><strong>in</strong></span> <span class='ocrx_word' id='word_1_165' title='bbox 570 2550 618 2607; x_wconf 85' lang='lat' dir='ltr'><strong>or.</strong></span> <span class='ocrx_word' id='word_1_166' title='bbox 640 2554 673 2595; x_wconf 81' lang='grc' dir='ltr'><strong>π.</strong></span> <span class='ocrx_word' id='word_1_167' title='bbox 694 2554 835 2616; x_wconf 80' lang='grc' dir='ltr'><strong><em>παραπρ.</em></strong></span> <span class='ocrx_word' id='word_1_168' title='bbox 857 2528 1175 2598; x_wconf 86' lang='lat' dir='ltr'><strong>Demosthenesre-</strong></span> 
     </span>
     <span class='ocr_line' id='line_1_23' title="bbox 128 2628 1174 2722; baseline 0.005 -24"><span class='ocrx_word' id='word_1_169' title='bbox 128 2630 206 2711; x_wconf 86' lang='lat' dir='ltr'><strong>fert,</strong></span> <span class='ocrx_word' id='word_1_170' title='bbox 221 2628 369 2722; x_wconf 83' lang='lat' dir='ltr'><strong>Olymp.</strong></span> <span class='ocrx_word' id='word_1_171' title='bbox 385 2629 466 2696; x_wconf 89' lang='lat' dir='ltr'><strong>CIX</strong></span> <span class='ocrx_word' id='word_1_172' title='bbox 478 2651 568 2699; x_wconf 83' lang='lat' dir='ltr'><strong>anno</strong></span> <span class='ocrx_word' id='word_1_173' title='bbox 580 2631 728 2707; x_wconf 83' lang='lat' dir='ltr'><strong>secundo</strong></span> <span class='ocrx_word' id='word_1_174' title='bbox 743 2631 863 2700; x_wconf 87' lang='lat' dir='ltr'><strong>habita.</strong></span> <span class='ocrx_word' id='word_1_175' title='bbox 895 2633 949 2699; x_wconf 88' lang='lat' dir='ltr'><strong>·Iu</strong></span> <span class='ocrx_word' id='word_1_176' title='bbox 961 2631 1059 2701; x_wconf 89' lang='lat' dir='ltr'><strong>Elide</strong></span> <span class='ocrx_word' id='word_1_177' title='bbox 1070 2636 1174 2718; x_wconf 82' lang='lat' dir='ltr'><strong>enim,</strong></span> 
     </span>
     <span class='ocr_line' id='line_1_24' title="bbox 129 2733 1175 2832; baseline 0.005 -30"><span class='ocrx_word' id='word_1_178' title='bbox 129 2733 275 2802; x_wconf 77' lang='lat' dir='ltr'><strong>Arcadia</strong></span> <span class='ocrx_word' id='word_1_179' title='bbox 297 2751 330 2800; x_wconf 90' lang='lat' dir='ltr'><strong>et</strong></span> <span class='ocrx_word' id='word_1_180' title='bbox 351 2734 451 2826; x_wconf 85' lang='lat' dir='ltr'><strong>Argis</strong></span> <span class='ocrx_word' id='word_1_181' title='bbox 484 2751 599 2827; x_wconf 82' lang='lat' dir='ltr'><strong>aperto</strong></span> <span class='ocrx_word' id='word_1_182' title='bbox 620 2736 688 2802; x_wconf 90' lang='lat' dir='ltr'><strong>iam</strong></span> <span class='ocrx_word' id='word_1_183' title='bbox 709 2737 753 2819; x_wconf 90' lang='lat' dir='ltr'><strong>ii,</strong></span> <span class='ocrx_word' id='word_1_184' title='bbox 777 2737 836 2830; x_wconf 81' lang='lat' dir='ltr'><strong>qui</strong></span> <span class='ocrx_word' id='word_1_185' title='bbox 857 2762 876 2803; x_wconf 89' lang='lat' dir='ltr'><strong>a</strong></span> <span class='ocrx_word' id='word_1_186' title='bbox 897 2735 1050 2832; x_wconf 90' lang='lat' dir='ltr'><strong>Philippi</strong></span> <span class='ocrx_word' id='word_1_187' title='bbox 1070 2741 1175 2831; x_wconf 74' lang='lat' dir='ltr'><strong>parti-</strong></span> 
     </span>
     <span class='ocr_line' id='line_1_25' title="bbox 129 2832 1174 2934; baseline 0.002 -26"><span class='ocrx_word' id='word_1_188' title='bbox 129 2835 193 2908; x_wconf 91' lang='lat' dir='ltr'><strong>bus</strong></span> <span class='ocrx_word' id='word_1_189' title='bbox 216 2837 365 2916; x_wconf 88' lang='lat' dir='ltr'><strong>stabant,</strong></span> <span class='ocrx_word' id='word_1_190' title='bbox 396 2832 579 2908; x_wconf 82' lang='lat' dir='ltr'><strong>ceitamine&#39;</strong></span> <span class='ocrx_word' id='word_1_191' title='bbox 600 2842 811 2934; x_wconf 89' lang='lat' dir='ltr'><strong>supprimere</strong></span> <span class='ocrx_word' id='word_1_192' title='bbox 833 2839 1033 2910; x_wconf 85' lang='lat' dir='ltr'><strong>adversarios</strong></span> <span class='ocrx_word' id='word_1_193' title='bbox 1055 2842 1174 2912; x_wconf 83' lang='lat' dir='ltr'><strong>molie-</strong></span> 
     </span>
     <span class='ocr_line' id='line_1_26' title="bbox 129 2940 1174 3078; baseline 0.004 -67"><span class='ocrx_word' id='word_1_194' title='bbox 129 2944 264 3011; x_wconf 88' lang='lat' dir='ltr'><strong>bantur.</strong></span> <span class='ocrx_word' id='word_1_195' title='bbox 310 2940 387 3010; x_wconf 92' lang='lat' dir='ltr'><strong>Illic</strong></span> <span class='ocrx_word' id='word_1_196' title='bbox 410 2941 576 3011; x_wconf 84' lang='lat' dir='ltr'><strong>discordia</strong></span> <span class='ocrx_word' id='word_1_197' title='bbox 597 2945 704 3013; x_wconf 92' lang='lat' dir='ltr'><strong>civilis</strong></span> <span class='ocrx_word' id='word_1_198' title='bbox 726 2966 855 3038; x_wconf 83' lang='lat' dir='ltr'><strong>pugnas</strong></span> <span class='ocrx_word' id='word_1_199' title='bbox 870 2946 975 3013; x_wconf 88' lang='lat' dir='ltr'><strong>otiam</strong></span> <span class='ocrx_word' id='word_1_200' title='bbox 991 2944 1174 3078; x_wconf 81' lang='lat' dir='ltr'><strong>caedesque</strong></span> 
     </span>
     <span class='ocr_line' id='line_1_27' title="bbox 128 3047 1175 3137; baseline 0.004 -22"><span class='ocrx_word' id='word_1_201' title='bbox 128 3049 301 3115; x_wconf 90' lang='lat' dir='ltr'><strong>intestinas</strong></span> <span class='ocrx_word' id='word_1_202' title='bbox 331 3048 539 3117; x_wconf 75' lang='lat' dir='ltr'><strong>excitaverat:</strong></span> <span class='ocrx_word' id='word_1_203' title='bbox 574 3047 722 3116; x_wconf 86' lang='grc' dir='ltr'><strong><em>καίτοι</em></strong></span> <span class='ocrx_word' id='word_1_204' title='bbox 709 3056 803 3116; x_wconf 78' lang='grc' dir='ltr'><strong><em>τοῦτο</em></strong></span> <span class='ocrx_word' id='word_1_205' title='bbox 830 3048 868 3116; x_wconf 85' lang='grc' dir='ltr'><strong>τὸ</strong></span> <span class='ocrx_word' id='word_1_206' title='bbox 896 3056 1027 3137; x_wconf 80' lang='grc' dir='ltr'><strong><em>πρᾶγμα</em></strong></span> <span class='ocrx_word' id='word_1_207' title='bbox 1053 3053 1103 3116; x_wconf 79' lang='grc' dir='ltr'><strong>καὶ</strong></span> <span class='ocrx_word' id='word_1_208' title='bbox 1132 3053 1175 3119; x_wconf 74' lang='lat' dir='ltr'><strong>sd</strong></span> 
     </span>
     <span class='ocr_line' id='line_1_28' title="bbox 129 3150 1173 3237; baseline 0.006 -19"><span class='ocrx_word' id='word_1_209' title='bbox 129 3177 262 3219; x_wconf 89' lang='grc' dir='ltr'><strong><em>τοιαυτα</em></strong></span> <span class='ocrx_word' id='word_1_210' title='bbox 293 3150 524 3237; x_wconf 81' lang='grc' dir='ltr'><strong><em>ζηλώματα-</em></strong></span> <span class='ocrx_word' id='word_1_211' title='bbox 547 3156 591 3231; x_wconf 77' lang='grc' dir='ltr'><strong>εἰς</strong></span> <span class='ocrx_word' id='word_1_212' title='bbox 616 3152 860 3237; x_wconf 82' lang='grc' dir='ltr'><strong><em>Πελοπόννησον</em></strong></span> <span class='ocrx_word' id='word_1_213' title='bbox 889 3151 1054 3230; x_wconf 75' lang='grc' dir='ltr'><strong><em>είςελθὸν</em></strong></span> <span class='ocrx_word' id='word_1_214' title='bbox 1050 3153 1115 3234; x_wconf 75' lang='grc' dir='ltr'><strong>τὰς</strong></span> <span class='ocrx_word' id='word_1_215' title='bbox 1140 3159 1173 3224; x_wconf 77' lang='lat' dir='ltr'><strong>lv</strong></span> 
     </span>
     <span class='ocr_line' id='line_1_29' title="bbox 121 3254 1174 3346; baseline 0 -23"><span class='ocrx_word' id='word_1_216' title='bbox 121 3257 232 3323; x_wconf 80' lang='grc' dir='ltr'><strong>Ἤλιδι</strong></span> <span class='ocrx_word' id='word_1_217' title='bbox 255 3254 378 3343; x_wconf 79' lang='grc' dir='ltr'><strong><em>σφαγὰς</em></strong></span> <span class='ocrx_word' id='word_1_218' title='bbox 399 3258 559 3342; x_wconf 75' lang='grc' dir='ltr'><strong><em>πεποίηκε,</em></strong></span> <span class='ocrx_word' id='word_1_219' title='bbox 590 3260 641 3324; x_wconf 84' lang='grc' dir='ltr'><strong>καί</strong></span> <span class='ocrx_word' id='word_1_220' title='bbox 668 3255 824 3340; x_wconf 83' lang='grc' dir='ltr'><strong><em>τοσαίτης</em></strong></span> <span class='ocrx_word' id='word_1_221' title='bbox 843 3257 1017 3344; x_wconf 80' lang='grc' dir='ltr'><strong><em>παρανοίας</em></strong></span> <span class='ocrx_word' id='word_1_222' title='bbox 1036 3261 1087 3325; x_wconf 79' lang='grc' dir='ltr'><strong>καὶ</strong></span> <span class='ocrx_word' id='word_1_223' title='bbox 1107 3285 1174 3346; x_wconf 84' lang='grc' dir='ltr'><strong>μα-</strong></span> 
     </span>
    </p>

    <p class='ocr_par' dir='ltr' id='par_1_7' title="bbox 129 3359 1174 3452">
     <span class='ocr_line' id='line_1_30' title="bbox 129 3359 1174 3452; baseline 0.002 -24"><span class='ocrx_word' id='word_1_224' title='bbox 129 3362 200 3436; x_wconf 87' lang='grc' dir='ltr'><strong><em>νίας</em></strong></span> <span class='ocrx_word' id='word_1_225' title='bbox 228 3359 372 3444; x_wconf 70' lang='grc' dir='ltr'><strong>ἐνέπλησε</strong></span> <span class='ocrx_word' id='word_1_226' title='bbox 401 3386 476 3438; x_wconf 89' lang='grc' dir='ltr'><strong><em>τους</em></strong></span> <span class='ocrx_word' id='word_1_227' title='bbox 496 3359 714 3449; x_wconf 81' lang='grc' dir='ltr'><strong><em>ταλαιπώρους</em></strong></span> <span class='ocrx_word' id='word_1_228' title='bbox 734 3360 875 3442; x_wconf 74' lang='grc' dir='ltr'><strong><em>ἐκείνους,</em></strong></span> <span class='ocrx_word' id='word_1_229' title='bbox 898 3359 989 3443; x_wconf 70' lang='grc' dir='ltr'><strong><em>ὥσθ’,</em></strong></span> <span class='ocrx_word' id='word_1_230' title='bbox 1013 3363 1067 3429; x_wconf 71' lang='grc' dir='ltr'><strong><em>ἵν’·</em></strong></span> <span class='ocrx_word' id='word_1_231' title='bbox 1065 3362 1174 3452; x_wconf 71' lang='grc' dir='ltr'><strong><em>αλλῆ·</em></strong></span> 
     </span>
    </p>

    <p class='ocr_par' dir='ltr' id='par_1_8' title="bbox 128 3463 1237 3670">
     <span class='ocr_line' id='line_1_31' title="bbox 129 3463 1237 3557; baseline 0.006 -26"><span class='ocrx_word' id='word_1_232' title='bbox 129 3463 230 3532; x_wconf 87' lang='grc' dir='ltr'><strong><em>λαν’</em></strong></span> <span class='ocrx_word' id='word_1_233' title='bbox 216 3463 334 3550; x_wconf 88' lang='grc' dir='ltr'><strong>α’ρχωσι</strong></span> <span class='ocrx_word' id='word_1_234' title='bbox 356 3465 407 3529; x_wconf 81' lang='grc' dir='ltr'><strong>καί</strong></span> <span class='ocrx_word' id='word_1_235' title='bbox 433 3468 508 3532; x_wconf 82' lang='grc' dir='ltr'><strong>Φιλί</strong></span> <span class='ocrx_word' id='word_1_236' title='bbox 506 3491 578 3557; x_wconf 79' lang='grc' dir='ltr'><strong>πσρι</strong></span> <span class='ocrx_word' id='word_1_237' title='bbox 596 3467 800 3552; x_wconf 82' lang='grc' dir='ltr'><strong><em>χαρίζωνται,</em></strong></span> <span class='ocrx_word' id='word_1_238' title='bbox 824 3475 977 3552; x_wconf 72' lang='grc' dir='ltr'><strong><em>συγγενεῖς</em></strong></span> <span class='ocrx_word' id='word_1_239' title='bbox 997 3463 1102 3553; x_wconf 77' lang='grc' dir='ltr'><strong><em>αυτίιν</em></strong></span> <span class='ocrx_word' id='word_1_240' title='bbox 1122 3472 1176 3539; x_wconf 73' lang='grc' dir='ltr'><strong>καί</strong></span> <span class='ocrx_word' id='word_1_241' title='bbox 1226 3537 1237 3548; x_wconf 67' lang='lat'><strong>.</strong></span> 
     </span>
     <span class='ocr_line' id='line_1_32' title="bbox 128 3567 1172 3670; baseline 0.005 -32"><span class='ocrx_word' id='word_1_242' title='bbox 128 3570 261 3648; x_wconf 84' lang='grc' dir='ltr'><strong><em>πολίτας</em></strong></span> <span class='ocrx_word' id='word_1_243' title='bbox 288 3579 473 3655; x_wconf 76' lang='grc' dir='ltr'><strong>μιαιφονεῖν.</strong></span> <span class='ocrx_word' id='word_1_244' title='bbox 505 3597 539 3638; x_wconf 84' lang='grc' dir='ltr'><strong>τι.</strong></span> <span class='ocrx_word' id='word_1_245' title='bbox 569 3594 709 3659; x_wconf 84' lang='grc' dir='ltr'><strong>σαραιιρ</strong></span> <span class='ocrx_word' id='word_1_246' title='bbox 730 3593 765 3664; x_wconf 90' lang='lat' dir='ltr'><strong>p.</strong></span> <span class='ocrx_word' id='word_1_247' title='bbox 787 3567 901 3660; x_wconf 52' lang='lat' dir='ltr'><strong>baffi).</strong></span> <span class='ocrx_word' id='word_1_248' title='bbox 947 3569 1000 3639; x_wconf 83' lang='lat' dir='ltr'><strong>Cf.</strong></span> <span class='ocrx_word' id='word_1_249' title='bbox 1021 3572 1172 3670; x_wconf 87' lang='lat' dir='ltr'><strong>Philipp</strong></span> 
     </span>
    </p>
   </div>
   <div class='ocr_carea' id='block_1_7' title="bbox 128 3780 445 3803">
    <p class='ocr_par' dir='ltr' id='par_1_9' title="bbox 128 3780 445 3803">
     <span class='ocr_line' id='line_1_33' title="bbox 128 3780 445 3803; baseline 0.009 -6"><span class='ocrx_word' id='word_1_250' title='bbox 128 3780 445 3803; x_wconf 53' lang='lat' dir='ltr'><strong>&#39;na-*nune*</strong></span> 
     </span>
    </p>
   </div>
   <div class='ocr_carea' id='block_1_8' title="bbox 117 3872 1221 4180">
    <p class='ocr_par' dir='ltr' id='par_1_10' title="bbox 117 3872 1221 4180">
     <span class='ocr_line' id='line_1_34' title="bbox 117 3872 1221 4008; baseline 0.012 -29.825"><span class='ocrx_word' id='word_1_251' title='bbox 117 3919 310 3998; x_wconf 85' lang='grc' dir='ltr'><strong>)Ηιιιια</strong></span> <span class='ocrx_word' id='word_1_252' title='bbox 331 3919 426 3980; x_wconf 88' lang='lat' dir='ltr'><strong>locum</strong></span> <span class='ocrx_word' id='word_1_253' title='bbox 442 3872 562 3982; x_wconf 85' lang='lat' dir='ltr'><strong>afferens</strong></span> <span class='ocrx_word' id='word_1_254' title='bbox 584 3920 759 3984; x_wconf 86' lang='lat' dir='ltr'><strong>laccbsius</strong></span> <span class='ocrx_word' id='word_1_255' title='bbox 750 3945 780 3983; x_wconf 88' lang='grc' dir='ltr'><strong>ιιι</strong></span> <span class='ocrx_word' id='word_1_256' title='bbox 800 3921 909 3984; x_wconf 85' lang='lat' dir='ltr'><strong>adnott.</strong></span> <span class='ocrx_word' id='word_1_257' title='bbox 927 3923 967 3984; x_wconf 85' lang='lat' dir='ltr'><strong>ad</strong></span> <span class='ocrx_word' id='word_1_258' title='bbox 984 3923 1112 4008; x_wconf 86' lang='lat' dir='ltr'><strong>Philipp</strong></span> <span class='ocrx_word' id='word_1_259' title='bbox 1133 3923 1175 3990; x_wconf 83' lang='grc' dir='ltr'><strong>ΙΙΙ</strong></span> <span class='ocrx_word' id='word_1_260' title='bbox 1220 3959 1221 3963; x_wconf 43' lang='grc'><strong>“</strong></span> 
     </span>
     <span class='ocr_line' id='line_1_35' title="bbox 198 4001 1176 4092; baseline 0.006 -26.134"><span class='ocrx_word' id='word_1_261' title='bbox 198 4001 351 4086; x_wconf 78' lang='lat' dir='ltr'><strong>(Staatsr.</strong></span> <span class='ocrx_word' id='word_1_262' title='bbox 373 4029 404 4090; x_wconf 89' lang='lat' dir='ltr'><strong>p.</strong></span> <span class='ocrx_word' id='word_1_263' title='bbox 426 4003 505 4090; x_wconf 72' lang='grc'>496)</span> <span class='ocrx_word' id='word_1_264' title='bbox 527 4009 694 4092; x_wconf 81' lang='lat' dir='ltr'><strong>Philippum</strong></span> <span class='ocrx_word' id='word_1_265' title='bbox 727 4032 781 4071; x_wconf 82' lang='lat' dir='ltr'><strong>sua</strong></span> <span class='ocrx_word' id='word_1_266' title='bbox 807 4011 930 4072; x_wconf 83' lang='lat' dir='ltr'><strong>factione</strong></span> <span class='ocrx_word' id='word_1_267' title='bbox 956 4011 1108 4072; x_wconf 82' lang='lat' dir='ltr'><strong>excitatum</strong></span> <span class='ocrx_word' id='word_1_268' title='bbox 1128 4011 1176 4072; x_wconf 84' lang='lat' dir='ltr'><strong>in-</strong></span> 
     </span>
     <span class='ocr_line' id='line_1_36' title="bbox 219 4090 1177 4180; baseline 0.009 -22"><span class='ocrx_word' id='word_1_269' title='bbox 219 4095 323 4160; x_wconf 71' lang='lat' dir='ltr'><strong>vasisse</strong></span> <span class='ocrx_word' id='word_1_270' title='bbox 355 4096 384 4157; x_wconf 88' lang='lat' dir='ltr'><strong>iu</strong></span> <span class='ocrx_word' id='word_1_271' title='bbox 415 4090 670 4180; x_wconf 82' lang='lat' dir='ltr'><strong>Peloponnesum</strong></span> <span class='ocrx_word' id='word_1_272' title='bbox 686 4113 715 4159; x_wconf 86' lang='lat' dir='ltr'><strong>ct</strong></span> <span class='ocrx_word' id='word_1_273' title='bbox 751 4096 994 4165; x_wconf 67' lang='lat' dir='ltr'><strong>lacedaemonios</strong></span> <span class='ocrx_word' id='word_1_274' title='bbox 1019 4093 1059 4166; x_wconf 70' lang='lat' dir='ltr'><strong>etl</strong></span> <span class='ocrx_word' id='word_1_275' title='bbox 1084 4097 1177 4175; x_wconf 73' lang='lat' dir='ltr'><strong>ubte-</strong></span> 
     </span>
    </p>
   </div>
   <div class='ocr_carea' id='block_1_9' title="bbox 0 0 1317 4672">
    <p class='ocr_par' dir='ltr' id='par_1_11' title="bbox 0 0 1317 4672">
     <span class='ocr_line' id='line_1_37' title="bbox 0 0 1317 4672; baseline 0 0"><span class='ocrx_word' id='word_1_276' title='bbox 0 0 1317 4672; x_wconf 95' lang='lat' dir='ltr'><strong> </strong></span> 
     </span>
    </p>
   </div>
  </div>
 </body>
</html>
