2580 4680
505 302 663 407 Q
774 271 776 275 ,

63 466 238 533 risimilior
250 489 299 547 ea,
321 491 423 558 quam
445 469 587 535 coniecit
598 466 742 546 Boeclrh.
765 466 786 532 l.
811 491 839 534 c.
863 494 896 559 p.
918 469 973 558 94,
996 484 1030 536 et
1050 492 1101 537 se·
1232 502 1235 507 ·

61 587 161 637 cutus
190 571 290 634 etiam
321 587 371 635 est
399 568 516 636 ldeler.
547 569 569 638 l.
593 595 621 638 c.
646 571 722 640 vol.
747 571 790 638 ll.
812 596 846 662 p.
869 572 951 640 610:
973 571 1102 641 scilicet

62 696 172 766 quum
198 671 419 740 intercalandi
449 675 532 741 ratio
563 675 654 767 apud
686 672 828 767 singulas
863 675 1023 762 Graeciae
1053 678 1102 743 ci·
1220 727 1224 734 ,

60 779 180 845 vitatas
201 774 331 842 diversa
351 776 462 858 fuerit,
486 778 647 870 singulari
669 778 760 871 apud
778 778 972 847 Corinthios
994 782 1101 847 inter·
1199 782 1203 791 '

61 880 227 949 solatione
260 879 384 947 sactum
406 906 492 962 esse,
523 900 561 948 ut
584 881 837 951 Corinthiorum
867 884 1031 950 Panemus
1061 885 1099 952 eo

62 1007 163 1066 anno,
186 983 229 1048 ad
252 1009 352 1076 quem
372 984 548 1052 reserenda
564 1004 612 1053 est
624 986 775 1081 Philippi
790 985 937 1080 epistola,
962 987 1099 1082 Olymp.

61 1089 138 1170 CX,
161 1111 192 1169 a,
214 1088 251 1153 in
273 1088 553 1157 Boedromionem
573 1089 723 1157 Atticum
745 1108 980 1158 removeretur.

150 1189 250 1278 Quod
271 1192 374 1282 igitur
395 1191 569 1284 hucusque
588 1196 786 1285 praesertim
804 1213 892 1261 certe
913 1195 1100 1288 explorasse

59 1296 159 1365 nobis
181 1295 343 1375 videmur,
365 1294 430 1363 hoc
456 1315 520 1363 est:
554 1300 694 1365 excitato
722 1298 861 1390 Olymp.
889 1298 971 1381 CX,
1008 1325 1019 1365 1
1063 1304 1101 1367 in

58 1423 165 1469 verno
178 1398 464 1490 Amphictyonum
485 1401 630 1468 concilio
652 1400 744 1468 bello
766 1402 920 1468 adversus
942 1403 1102 1495 Amphis-
1147 1422 1149 1426 ·

59 1528 182 1584 sauses,
204 1505 410 1594 insequentis
432 1505 542 1570 statim
563 1506 653 1585 anni,
677 1504 815 1596 Olymp.
836 1505 909 1585 CX,
933 1529 963 1585 a,
987 1530 1101 1574 meuse

62 1608 305 1698 Metagitnione
328 1604 523 1699 Philippum
545 1608 586 1673 ab
608 1609 911 1701 Amphictyonibus
935 1610 972 1674 in
995 1610 1101 1676 Grae·

62 1712 150 1778 ciam
170 1713 345 1778 invitatum
367 1735 436 1776 esse
458 1712 495 1776 in
525 1734 664 1803 eamque
692 1713 844 1803 sequenti
875 1735 989 1778 mense
1015 1713 1101 1781 Boe-

64 1813 236 1883 dromione
265 1815 418 1881 traiicere
446 1816 662 1882 contistuisse.
717 1816 885 1883 Postrema
907 1815 989 1882 haec
1017 1814 1100 1882 dnm

65 1936 254 2010 agerentur,
282 1918 465 1984 Aeschines
495 1917 574 1986 deos
595 1920 686 2011 ipsos
718 1919 938 1987 Athenienses
971 1944 1098 2003 eorum,

64 2047 151 2116 quae
178 2038 334 2088 eventura
364 2038 489 2103 essent,
525 2019 734 2090 admonuisse
776 2023 950 2090 contendit
986 2027 1099 2092 omine

61 2152 126 2222 per
147 2144 287 2193 mortem
300 2125 509 2192 initiatorum
529 2127 567 2191 in
580 2128 747 2218 Mysteriis
764 2126 840 2194 dato
864 2131 928 2214 (or.
950 2128 987 2194 in
1011 2127 1098 2217 Ctes.

63 2256 100 2323 p.
130 2253 171 2317 pa
193 2237 259 2313 m.)
306 2227 407 2311 Quod
431 2247 465 2296 et
491 2231 711 2296 certissimum
739 2231 843 2321 possit
869 2251 1100 2321 argumentum

64 2358 181 2401 eorum
205 2357 283 2411 esse,
306 2356 393 2425 quae
415 2330 457 2398 de
478 2335 654 2424 posteriori
670 2332 801 2423 Pylaea,
825 2331 935 2424 deque
948 2335 1099 2426 Philippi

64 2436 108 2502 ad
130 2437 235 2504 socios
256 2436 555 2528 Peloponnesiacos
582 2435 720 2528 epistola
740 2436 840 2504 modo
861 2437 1049 2518 statuimus,
1070 2440 1100 2505 si

64 2541 228 2632 Mysteria
249 2539 306 2607 illa
329 2566 447 2632 magna
468 2541 601 2618 fuerint,
623 2540 751 2632 quippe
773 2564 858 2632 qnae
880 2564 993 2605 mense
1015 2541 1099 2607 Boe-

64 2644 240 2711 dromioue
255 2644 516 2738 celebrarentur.
560 2644 621 2711 Sin
636 2663 744 2710 autem
759 2668 859 2735 parra
874 2662 977 2724 erent,
1000 2667 1099 2711 omen

63 2744 152 2814 illud
175 2746 217 2811 ad
239 2749 526 2831 Anthesterionem
540 2746 751 2816 referendum
764 2767 821 2815 est.
867 2748 986 2840 Neque
1008 2751 1099 2816 enim

63 2853 110 2917 ita
132 2853 278 2916 seriusa
307 2851 371 2918 diis
399 2855 536 2917 missum
559 2869 659 2931 esset,
693 2877 798 2944 quum
821 2852 997 2943 Philippus
1019 2852 1099 2918 Ela-

61 2953 265 3046 phebolione
288 2956 424 3022 demum
446 2979 560 3020 mense
581 2957 617 3020 in
641 2954 818 3023 Graeciam
841 2956 1016 3020 traiecerit.

151 3057 217 3124 Sed
242 3077 420 3150 antequam
443 3057 487 3127 ad
515 3061 726 3150 sequentium
754 3082 868 3122 rerum
897 3057 1097 3148 descriptio-

62 3185 142 3227 nem
164 3161 428 3253 progrediamur,
451 3160 695 3230 subsistendum
716 3160 772 3226 bic
793 3158 983 3252 paullulum
1004 3159 1097 3226 vide-

62 3283 131 3345 tur,
161 3267 473 3359 quaerendumque,
494 3257 566 3358 'qui
599 3281 686 3344 tum,
722 3289 828 3357 quum
857 3263 1031 3357 Philippus
1059 3265 1096 3331 in

62 3368 241 3434 Graeciam
263 3372 417 3437 traiicere
437 3369 645 3450 moliebatur,
666 3367 768 3435 fuerit
788 3392 899 3433 rerum
921 3385 1022 3434 status
1043 3368 1096 3431 in-

62 3490 115 3540 ter
138 3471 332 3566 Philippum
354 3493 387 3541 et
408 3475 625 3540 Athenienses
654 3489 813 3538 actarum.
858 3473 992 3538 Etenim
1013 3471 1097 3540 Dio-

63 3573 166 3642 dorus
189 3578 294 3663 (XVI,
317 3578 373 3669 84)
397 3576 592 3670 Philippum
614 3577 788 3668 inopinato
818 3575 972 3642 invasisse
994 3574 1097 3640 Athe-

61 3681 197 3746 arienses
220 3682 291 3773 ipsa
311 3683 348 3748 in
371 3681 511 3749 Graecia
533 3680 653 3758 refert,
684 3680 809 3770 quippe
831 3680 942 3746 minus
964 3675 1007 3744 ad
1027 3674 1098 3742 bel·
1216 3702 1220 3708 ·

60 3781 135 3850 lum
157 3801 287 3876 paratos
316 3791 357 3855 ob
379 3810 512 3879 pacem,
542 3809 642 3877 quam
674 3781 810 3874 Olymp.
835 3782 914 3863 CX,
947 3806 957 3848 ι
993 3784 1099 3848 inter-

60 3888 162 3955 missa
184 3889 334 3978 Byzantii
363 3889 536 3957 obsidione
567 3912 644 3956 cum
676 3886 933 3954 Atheniensibus
961 3903 1098 3976 compo·

60 3992 167 4058 suisse
196 3990 390 4083 Philippum
418 4011 529 4058 narrat
559 3992 661 4070 xvl,
692 4014 742 4080 77.
789 3991 881 4055 Pacis
910 3989 1006 4054 huius
1033 4009 1097 4052 nec

61 4094 323 4175 Demosthenes,
352 4118 416 4161 nec
437 4096 627 4175 Aeschines,
658 4115 721 4160 uec
743 4090 830 4159 ullus
851 4091 936 4160 alins
957 4091 1110 4184 scriptor

728 4198 798 4268 ¹5⁸
