2580 4680
531 183 716 337 n

118 426 201 471 canc
224 402 402 494 spirantes)
424 403 579 493 navigare
606 401 644 466 iu
672 399 823 466 Imbrum
849 423 919 468 nun
942 415 1069 492 posset,
1096 423 1159 466 uec

117 506 286 599 stipendia
309 507 471 572 militibus
493 505 638 584 solvere,
660 502 848 571 Nausicles·
863 503 905 570 de
932 505 1070 597 proprio
1098 528 1158 595 pc·

119 613 235 680 eunias
257 608 406 699 largitur.
452 610 543 675 Tum
576 601 747 675 ineuut'e
769 631 874 673 anuo
898 608 960 674 Ol.
975 607 1073 675 ,cvl
1095 632 1159 675 se-

118 714 271 794 cundo,
294 737 400 803 quum
421 738 571 797 annuum
592 712 739 777 muneris
762 713 832 791 eius
848 714 993 801 spatium
1018 714 1158 794 exiisset,

120 820 270 888 Athenas
292 816 395 898 redit,
423 817 633 908 solutamque
659 817 837 907 pecuniam
867 814 1049 882 liberaliter
1079 818 1159 884 civi·

120 925 178 992 tati
209 918 385 988 condonat
446 918 574 988 Eodem
599 937 776 1012 tempore,
805 919 869 986 hoc
902 936 952 986 est
986 921 1159 989 ineunte
1237 959 1246 984 ι

120 1026 184 1096 Ol.
207 1025 318 1104 CVI,
343 1049 378 1105 2,
407 1025 684 1114 quummaxime
710 1024 839 1091 Atticae
860 1024 1001 1094 militiae
1021 1049 1099 1116 pars
1121 1028 1159 1093 iu

120 1132 233 1198 Imbro
256 1128 365 1195 adhuc
391 1127 674 1223 Hellespontoque
703 1131 844 1212 abesset,
877 1130 1090 1222 Megarenses
1122 1132 1160 1198 in

119 1238 265 1304 vicinam
294 1233 499 1304 Salaminem
535 1235 679 1302 insulam
708 1259 753 1306 ex
781 1236 962 1327 improviso
996 1236 1161 1326 impetum
1239 1279 1242 1289 .

120 1339 259 1407 faciunt.
303 1339 358 1406 Ad
381 1365 436 1408 eos
459 1339 675 1433 depellendos
699 1338 934 1420 Charidemus,
957 1338 1057 1405 huius
1080 1341 1161 1406 unni

121 1463 256 1538 praetor
277 1447 325 1510 ἐπὶ
346 1471 374 1512 τ.
398 1445 501 1513 ὅπλων
522 1446 717 1538 nuperrime
739 1463 876 1523 creatus,
899 1445 1062 1511 succurrit
1083 1468 1162 1511 cum

122 1573 224 1641 parva
245 1573 346 1615 manu
375 1574 415 1615 ex
436 1549 574 1642 hoplitis
604 1546 732 1615 delecta
753 1550 808 1627 iis,
840 1549 899 1641 qui
922 1546 965 1613 ad
986 1548 1078 1615 urbis
1100 1549 1162 1615 At·

124 1653 276 1746 ticaeque
304 1650 488 1720 custodiam
522 1655 718 1720 restiterant.
772 1655 840 1735 Qui
875 1677 982 1746 quum
1016 1653 1161 1744 impares

125 1776 249 1840 essent,
283 1751 457 1824 commissa
490 1757 533 1826 ad
561 1757 731 1825 Bocaliam
757 1757 896 1823 fluvium
925 1782 1038 1850 pugna
1075 1757 1163 1825 caesi
1220 1813 1223 1820 .

125 1878 212 1940 snut,
246 1861 471 1954 nonnullique
494 1885 609 1930 eorum
632 1862 675 1928 ab
696 1862 846 1930 hostibus
868 1860 1012 1952 spoliati.
1057 1861 1163 1928 Exer-

124 1961 209 2032 citus
231 1967 334 2056 igitur
355 1985 484 2034 utnon
508 1966 671 2060 compleri
692 1965 815 2047 solum,
843 1965 902 2033 sed
924 1966 1040 2057 augeri
1061 1966 1185 2033 etiam.

121 2087 243 2161 posset,
268 2070 505 2153 Charidemus,
535 2070 756 2164 expeditionis
787 2071 870 2153 dux,
901 2095 980 2137 cum
1001 2069 1163 2155 Diotimo‚

122 2173 224 2239 huius
253 2177 334 2239 anui
355 2192 509 2265 praetore
538 2177 690 2265 equitum
720 2173 890 2242 ordinario
926 2151 1073 2256 iuvenes,
1101 2174 1163 2267 qui

124 2278 224 2343 aruns
246 2275 393 2344 ferendis
415 2302 512 2371 pares
535 2296 643 2358 eraut,
666 2277 866 2344 Salaminios
888 2279 956 2344 sive
980 2278 1165 2344 Athenien-

124 2405 192 2462 ses,
224 2380 267 2447 ad
294 2406 385 2446 arma
412 2400 545 2462 vocant,
580 2404 761 2473 eorumque
790 2382 998 2471 octingentos
1024 2382 1163 2473 proprio

124 2503 259 2576 sumptu
282 2485 409 2578 clypeis
437 2487 614 2552 instruunt.
659 2487 734 2568 Quo
767 2482 854 2552 facto
883 2485 993 2552 hostes
1023 2502 1082 2552 aut
1109 2509 1165 2552 su-

122 2591 230 2681 perati
252 2608 337 2670 sunt,
360 2607 416 2656 aut
437 2589 528 2683 quod
549 2591 614 2657 sibi
635 2589 839 2657 infirmiores
867 2612 937 2656 esse
958 2587 1170 2674 viderentur,

123 2692 214 2760 ultro
237 2693 349 2787 fugam
380 2713 551 2789 ceperunt.
601 2695 867 2790 Repressumque
900 2694 947 2760 ita
975 2695 1166 2788 periculum

124 2815 174 2864 est
195 2798 332 2890 primis,
365 2817 404 2866 ut
430 2800 599 2891 suspicor,
625 2800 796 2867 mensibus
825 2798 882 2866 Ol.
906 2798 997 2881 CVl,
1020 2823 1052 2881 u,
1075 2798 1166 2865 Nau-

124 2901 218 2981 sicle,
240 2904 423 2995 superioris
446 2905 527 2969 anui
548 2911 593 2994 τῷ
615 2906 663 2970 ἐπὶ
684 2930 713 2971 τ.
736 2904 840 2970 ὅπλων
861 2919 1031 2993 praetore,
1060 2903 1167 2970 Athe·

125 3029 185 3072 nas
207 3005 307 3074 modo
328 3031 466 3076 reverso.
513 3010 622 3091 Quam
652 3006 695 3073 ob
727 3030 801 3073 rem
826 3005 976 3074 eiusdem
1003 3007 1084 3075 anni
1107 3006 1165 3074 Ol.

126 3108 218 3190 CVI,
241 3134 261 3176 u
282 3135 397 3178 mense
419 3111 538 3180 eodem
559 3108 819 3190 Boedromioue',
846 3106 965 3175 eodem
987 3110 1087 3176 etiam
1108 3108 1167 3179 die

126 3230 256 3280 senatus
284 3198 496 3309 populusque
523 3215 692 3295 decernit,
722 3229 761 3279 ut
782 3228 961 3281 coronetur
981 3212 1166 3298 Nausicles,

128 3336 332 3386 coronentur
353 3322 452 3389 etiam
476 3316 695 3387 Charidemus
717 3333 751 3383 et
764 3316 946 3398 Diotimus,
969 3315 1073 3385 etille
1088 3321 1166 3411 qui·

127 3420 205 3489 dem
226 3423 408 3517 Dionysiis,
431 3424 580 3493 eiusdem
609 3423 690 3488 anui
719 3418 774 3490 Ol
799 3420 888 3490 CVI.
924 3423 984 3513 qui
1007 3422 1166 3514 agebatur

213 3706 332 3783 demus,
363 3708 531 3789 posterioris
558 3706 667 3768 decreti
695 3699 782 3770 ilat
812 3728 840 3769 τ.
869 3702 939 3770 lut.
962 3724 991 3768 et
1011 3706 1165 3784 Diotimus,

215 3785 232 3853 ti
266 3787 313 3853 inl
333 3813 363 3854 τ.
386 3789 521 3869 ἱππέων,
552 3795 660 3877 quibus
689 3817 792 3856 munus
813 3793 1063 3856 adminIstraudum
1090 3806 1165 3853 esset

216 3881 380 3960 insequenti
401 3902 484 3954 anno,
507 3881 556 3942 Ol.
579 3880 663 3957 CVI,
687 3903 722 3958 u,
752 3905 843 3964 quum
864 3882 1010 3943 Nausiules
1031 3881 1166 3962 superiu-

214 3969 253 4027 ris
275 3967 349 4039 anni,
372 3966 419 4025 Ol.
443 3967 523 4041 CVI,
548 3988 582 4044 r,
613 3988 630 4028 ο
617 3926 701 4029 ‘lut
730 3988 758 4030 τ.
781 3963 885 4030 ὅπλων
906 3960 1079 4049 στρατηγός
1101 3966 1165 4026 lue-
1198 4013 1201 4020 ‚

215 4054 261 4114 rit.
307 4052 402 4132 Quam
423 4067 548 4117 noenum
568 4057 736 4119 seutentiam
756 4055 937 4120 illustrabunt
957 4054 1116 4139 sequeutia.
