2594 4672
590 235 835 379 ,Ἅι

117 424 120 431 .
205 443 321 535 Cotye,
334 402 572 534 Censobleptis
593 456 699 534 patre,
721 442 782 534 qui
800 438 1009 516 Chersoneso
1030 439 1157 534 potitus
1178 441 1250 511 fer-

204 565 258 614 tur
283 549 321 612 in
341 545 439 612 Dem.
470 570 518 613 or.
541 547 578 612 in
600 546 778 627 Aristoen,
802 540 896 634 quae
925 560 995 611 tota
1021 542 1079 610 ad.
1093 547 1250 637 priorem

176 662 178 667 '
203 651 289 717 hanc
312 648 514 718 Chersonesi
534 649 709 717 historiam
738 649 901 742 pertinet,
925 665 958 715 et
977 647 1090 715 habita
1112 667 1162 717 est
1186 651 1247 720 Ol.

142 810 145 817 .
204 755 318 835 CVII,
356 777 367 819 1
393 753 580 822 secundum
602 754 743 844 Dionys.
768 751 793 818 l.
816 776 845 820 o
871 753 902 841 ὅ.
925 751 957 836 4.
1003 754 1060 828 ln
1056 756 1248 850 meaque(p

201 860 280 950 672)
311 875 423 925 orator
449 858 586 926 nonnisi
612 855 794 932 Eleuntem
824 873 857 922 et
888 852 1077 927 Crithotem
1097 856 1248 952 reliquas

203 983 276 1032 tum
297 961 554 1058 Atheniensium
581 963 813 1054 possessiones
832 959 933 1037 fuisse
956 958 1094 1044 dicit,
1084 976 1173 1054 rp'sas
1199 981 1248 1032 ta-

202 1092 282 1134 men
316 1067 417 1132 etiam
447 1091 466 1131 a
496 1064 606 1157 Cotye
630 1066 846 1158 oppugnatas.
897 1063 1003 1157 Cotye
1036 1082 1148 1133 tamem
1182 1094 1249 1161 per

202 1171 320 1239 dolum
341 1195 361 1235 a
381 1169 533 1263 Pythone
555 1171 755 1261 interempto
778 1169 842 1257 (or.
864 1171 903 1235 in
926 1170 1088 1236 Aristoer.
1108 1195 1144 1262 p.
1167 1171 1248 1265 659,

201 1277 286 1357 662,
313 1272 394 1363 674)
423 1272 560 1366 Olymp.
585 1273 658 1354 CV,
681 1274 741 1363 2*)
770 1272 933 1340 Thraciae
953 1272 1135 1364 imperinm
1156 1274 1249 1345 inter

202 1399 268 1448 tres
289 1403 384 1472 reges
407 1376 549 1445 divisum
572 1395 629 1461 est,
650 1374 852 1459 Berisadem,
873 1377 1085 1445 Amadocnm
1107 1394 1141 1446 et
1161 1379 1248 1448 Cer-

201 1483 406 1576 sobleptem,
438 1483 498 1574 qui
518 1499 659 1574 propter
679 1498 830 1548 mutuam
851 1480 1015 1548 invidiam
1036 1494 1152 1550 omnes
1175 1485 1248 1553 iam

200 1587 458 1657 Atheniensium
493 1587 559 1653 sibi
594 1584 774 1654 conciliare
809 1587 993 1652 amicitiam
1024 1587 1245 1657 conabantur.

201 1695 329 1761 Eorum
350 1693 388 1756 in
413 1691 533 1783 primis
558 1687 810 1782 Cersobleptae,
843 1691 900 1784 qui
923 1690 1088 1761 Thraciae
1109 1711 1247 1783 partem

199 1791 416 1878 maritimam,
440 1793 647 1860 Chersoneso
675 1794 839 1886 proxime·
854 1793 1077 1876 adiacentem,
1104 1820 1247 1891 accepe-

199 1917 264 1983 rat,
285 1908 358 1967 tum
380 1896 522 1964 adhuc
511 1899 632 1981 ruteni,
654 1902 754 1964 totius
769 1897 957 1964 Thraciae
947 1901 1126 1991 rmperium
1149 1925 1246 1971 com-

196 2027 318 2096 parare
341 2001 559 2069 Charidemus
583 1999 681 2069 Orita
710 1999 924 2084 moliebatur,
954 2007 1244 2092 mercenariorum

173 2088 266 2175 ⁸dux
293 2105 442 2200 aCotye
465 2123 561 2172 antea
589 2104 791 2186 conductus,
820 2105 1120 2201 Cersobleptaeque
1146 2126 1241 2177 tutor

201 2230 235 2280 ct
255 2229 449 2304 cognatus.
446 2211 534 2276 Per
553 2209 679 2277 hunc
669 2211 771 2302 rgitnr
796 2227 912 2303 pactus
935 2227 984 2278 est
1006 2210 1242 2306 Cersobleptes

199 2340 278 2384 cnm
306 2314 565 2400 Atheniensibus
596 2314 639 2380 de
670 2313 895 2397 Chersoneso,
930 2338 1033 2407 quam
1061 2334 1167 2384 totam
1194 2320 1244 2386 eis

116 2435 118 2440 '
200 2418 356 2502 tradidit,
387 2437 522 2514 excepta
548 2418 630 2485 urbe
660 2417 905 2487 Gordianorum
931 2425 992 2502 (οι.
1018 2421 1056 2486 in
1078 2420 1242 2492 Aristocr.

198 2524 391 2616 677—81),
415 2521 551 2615 Olymp.
575 2522 648 2606 CV,
670 2523 759 2611 iifl)
804 2524 920 2616 Itaque
936 2540 1007 2590 tum
1018 2523 1243 2597 Athenienses

192 2626 272 2696 'illas
295 2631 396 2696 etiam
416 2627 516 2695 urbes
536 2626 603 2693 sihi
624 2625 855 2709 vindicarunt,
877 2652 897 2694 a
919 2629 1041 2722 quibus
1061 2628 1170 2697 latum
1192 2651 1244 2701 est

93 2780 95 2784 «
200 2730 373 2800 decretum
394 2728 437 2798 de
458 2730 651 2801 coronando
668 2729 924 2801 Atheniensium
943 2732 1070 2827 populo
1092 2733 1150 2820 (de
1172 2761 1241 2806 cor.

240 3084 362 3167 *)Nam
393 3086 512 3169 Olymp.
539 3084 625 3165 ClV,
647 3089 677 3164 3,
704 3089 839 3151 archonte
860 3088 1001 3167 Molone‚
1010 3063 1208 3173 Miltocythes
1223 3115 1242 3154 a

284 3175 380 3258 Cotye
409 3173 548 3249 defecisse
578 3189 609 3234 et
637 3131 848 3236 Chersonesum
876 3174 1100 3238 Atheniensibus
1122 3178 1241 3242 tradere

282 3262 430 3344 pollicitus
460 3282 522 3323 esse
550 3260 678 3322 fertur
668 3285 699 3323 tn
720 3262 804 3322 Dem.
833 3262 1240 3351 or.c.Polycl.p.1207.

284 3347 467 3432 Gestnmque
478 3347 584 3409 deinde
595 3347 688 3410 adhuc
697 3347 806 3409 bellum
817 3359 860 3409 e'st
881 3370 946 3408 eum
953 3349 1057 3432 Cotye,
1071 3362 1143 3435 'quo
1164 3366 1242 3414 tem·

282 3456 357 3518 pore
392 3436 563 3496 Timotheus
597 3457 663 3497 curn
696 3436 901 3519 Amphipolitis
939 3437 1087 3538 pugnabat
1118 3437 1240 3524 Olymp.

240 3591 242 3594 Α
284 3521 352 3597 CV,
383 3521 471 3600 a(cf.
494 3543 558 3605 cap.
579 3519 620 3597 ll,
651 3545 696 3585 nr.
722 3522 752 3599 ι)
779 3521 937 3582 secundum
968 3545 1014 3585 or.
1042 3525 1072 3583 in
1095 3524 1239 3588 Aristocr.

119 3639 150 3677 μ
282 3633 313 3695 Ρ.
337 3612 410 3686 669.
453 3611 530 3671 Ante
553 3565 671 3693 Olylnp.
694 3608 766 3688 CV,
796 3612 908 3672 3vero
931 3607 1089 3673 decessisse
1112 3611 1239 3696 Cotyetn

282 3694 431 3757 docebunt
452 3697 612 3780 sequentia.
763 3712 766 3716 ·

238 3831 277 3918 '*)
301 3835 418 3935 Olymp.
438 3832 529 3911 CVl,
557 3833 580 3905 d
611 3832 772 3896 secundum
793 3823 959 3896 Diodorum
980 3833 1071 3913 th,
1104 3833 1236 3920 34,φί

280 3937 342 3983 tunt
364 3923 448 3983 etiam
468 3921 617 3982 cleruchos
638 3922 856 3984 Athenienses
847 3941 877 3982 tn
900 3878 1111 3986 Chersonesbm
1133 3924 1234 3983 missos

281 4023 389 4084 narr-at
417 4006 470 4071 sed
497 4009 624 4069 confusis
655 4006 844 4095 temporibus.
897 4008 959 4070 Ter
986 4009 1061 4068 enim
1094 4009 1234 4092 deinceps

236 4111 395 4179 pactum
424 4093 628 4169 Charidemum
659 4117 722 4159 esse
750 4116 825 4174 tuan
848 4094 1070 4160 Atheniensium
1097 4096 1231 4175 ducibus,
