2594 4672
502 249 656 357 jn

678 369 686 397 θ

61 421 240 513 reperies„
261 440 304 484 ne
332 419 374 485 ad
401 411 637 506 discdrnendos
666 421 803 514 quidem
842 405 1014 490 arclrontes'
1042 440 1099 491 co·-

61 527 245 617 gnomines,
269 521 396 616 quippe
410 526 478 618 *qui
500 527 634 594 nonnisi
657 550 695 591 ex
715 524 885 594 decessore
908 524 1099 593 discernant-

61 647 125 708 tur,
148 639 190 694 ut'
208 624 255 694 {nt
277 631 446 696 Διονυσίου
475 637 530 696 τοῦ
557 656 635 717 μετα
657 631 852 716 Ποράμονον
883 629 1035 716 ἄρχοντος
1061 634 1097 715 in·
1176 658 1178 664 ·

63 835 166 928 Corp.
202 835 303 902 lnscr.
335 861 386 901 nr.
425 837 494 922 124.
547 837 704 904 Insolitus
731 859 874 928 prorsus
897 853 944 902 est
977 840 1014 903 in
1046 863 1099 904 ar-

62 939 183 1006 chonte
223 963 318 1032 cpon.
355 939 559 1032 designando
593 965 685 1006 casus
717 942 957 1006 nominativus:
993 941 1099 1030 ἄρχων

27 1090 29 1094 -
61 1044 239 1132 Δημόνικος
260 1046 293 1132 p.
319 1045 433 1124 265*)‚
467 1060 500 1107 et
528 1042 619 1134 quod
647 1041 781 1110 additur
803 1042 1004 1111 demoticum
1033 1035 1104 1111 ηοξ
1206 1037 1208 1041 ’

59 1171 138 1212 men
163 1147 291 1226 Φλυεύς,
317 1146 424 1236 quod,
447 1147 544 1213 sicuti
565 1148 668 1240 patris
694 1169 830 1228 nomen,
852 1150 888 1212 in
910 1149 1098 1240 inscriptio-¹

61 1252 160 1316 nibus
182 1273 251 1315 non
276 1247 423 1329 additur,
446 1251 512 1315 nisi
535 1267 591 1315 aut
623 1250 760 1315 scribae·
775 1249 960 1317 secundum
988 1271 1098 1344 pryta-

62 1354 164 1433 niam,
187 1370 225 1417 ut
247 1352 365 1419 docent
388 1352 536 1434 decreta,
569 1379 652 1446 quae
675 1356 712 1419 iu
734 1353 1007 1443 inscriptionibus
1030 1379 1099 1423 ser·

62 1473 180 1522 vantur
210 1483 262 1547 ap.
294 1448 443 1523 Boeclrh.
470 1457 570 1548 Corp.
600 1457 704 1522 Inscr.
735 1455 794 1522 Gr.
824 1454 900 1522 Vol.
934 1451 960 1520 l.
992 1457 1096 1525 Inscr.

62 1562 131 1625 Au.
157 1559 209 1625 Cl.
233 1561 257 1623 I.
280 1585 331 1625 nr.
356 1563 414 1640 81,
437 1583 496 1648 90,
524 1585 602 1639 ιιι,
631 1568 706 1642 112',
725 1566 809 1637 ¹r13‚
836 1581 895 1624 ιον
919 1577 952 1626 et
974 1559 1097 1629 decret.

63 1664 105 1728 de
134 1664 342 1755 Antiphonte
378 1689 429 1756 ap.
460 1662 673 1757 Pseudoplut.
703 1665 760 1730 vit.
792 1664 835 1759 X.
863 1686 928 1730 orr.
958 1690 993 1756 p.
1024 1668 1098 1734 225.

62 1765 117 1837 ed.
138 1767 191 1848 Η.,
214 1785 269 1832 aut
290 1765 447 1859 proedro‚
462 1769 529 1860 (qui
544 1767 707 1861 populum
728 1770 766 1833 in
776 1767 977 1868 ¹*suffragium
987 1769 1099 1836 mitte·
1150 1786 1155 1804 ⁴

11 1930 13 1933 ,
61 1870 135 1950 bat,
163 1889 205 1958 yut
231 1871 352 1937 docent
381 1870 513 1938 decreta
535 1872 635 1941 modo
656 1870 802 1953 laudata,
833 1889 903 1939 tum
925 1896 977 1941 ur.
999 1872 1044 1962 96
1065 1883 1117 1940 et.
1184 1894 1187 1899 ·
1270 1891 1273 1897 ’

64 1977 122 2042 105
146 1999 197 2065 ap.
220 1974 364 2042 Boeclrh.
386 1973 408 2040 l.
432 1999 460 2042 c.
485 1993 584 2067 atque
599 1975 769 2043 decretum
791 1976 828 2042 iu
849 1974 1014 2057 honorem
1036 1975 1099 2042 Zea

59 2079 158 2145 nonis
181 2077 353 2147 conditum
377 2104 426 2170 ap.
451 2080 593 2171 Diogen.
620 2082 728 2146 Laert.
753 2079 826 2146 Vll.
860 2083 963 2164 ro.**)
1007 2079 1098 2148 Con'a

59 2212 371 2256 -ή-ὲ-ὲι

147 2363 195 2411 tus
216 2353 341 2434 positum
364 2351 449 2411 habet
470 2366 540 2432 post
562 2344 729 2432 ἄρχοντος,
761 2372 793 2409 ac
814 2353 839 2409 si
859 2337 1009 2429 ηγεμόνος
1031 2368 1099 2414 verat

148 2441 184 2498 sit
205 2439 301 2515 lectio,
323 2437 413 2520 idque
435 2438 505 2497 nihil
527 2438 562 2496 sit
583 2439 637 2496 nisi
659 2437 810 2519 explicatio
838 2439 917 2496 vocis
939 2432 1098 2520 ἄρχοντος,

149 2547 165 2584 a
186 2523 303 2584 librario
327 2525 454 2620 quodam
475 2525 614 2606 apposita.
659 2527 698 2584 At
719 2525 789 2583 haec
811 2540 862 2583 cur
883 2546 942 2583 uno
955 2525 1010 2584 hoc
1031 2526 1097 2586 loco
1147 2579 1150 2584 .

148 2611 244 2670 addita
267 2613 316 2688 sit,
345 2633 436 2694 quum
457 2609 561 2670 desit
553 2635 581 2669 m
604 2611 724 2692 reliquis
753 2610 901 2687 omnibus,
932 2633 991 2670 non
1013 2613 1099 2672 intel-

148 2698 217 2780 ligo.
263 2699 356 2774 Quam
385 2697 424 2757 ob
450 2719 512 2758 rem
542 2699 630 2780 petris
659 2719 720 2757 esse
753 2718 856 2756 nomen
879 2696 1033 2775 contendo,
1054 2699 1098 2758 le-

149 2785 334 2866 gendumque
361 2775 551 2866 Ἡγήμονος,
586 2784 702 2843 unde
694 2807 723 2843 m
762 2785 965 2866 appellativum
994 2806 1099 2844 nomen

148 2871 256 2931 librarii
277 2873 358 2932 facile
381 2872 490 2953 delapsi
511 2885 585 2931 sunt.
625 2863 777 2951 Ἡγήμων
804 2887 904 2930 notum
925 2873 1099 2931 Demosthe·

148 2980 218 3018 neae
241 2960 338 3017 aetatis'
359 2981 462 3018 nomen
485 2973 577 3018 estet
600 2959 795 3019 confirmatum
814 2957 964 3017 Demosth.
978 2956 1015 3016 de
1038 2979 1097 3018 cor.
1140 2987 1142 2991 ·

117 3067 224 3148 p.
204 3048 277 3104 320.
322 3046 425 3104 Aesch.
455 3068 485 3126 p.
515 3047 554 3124 57
584 3044 659 3104 med.
708 3043 882 3171 Harpocran
915 3042 1047 3103 etSuid.
1070 3067 1097 3104 v.
1165 3105 1167 3108 ,
1232 3066 1235 3073 ·

151 3124 294 3211 Ηγήμων
316 3147 344 3190 et
365 3134 459 3212 Etym.
482 3132 525 3191 M.

105 3239 307 3334 *)Decretum
336 3251 493 3313 secundum
521 3266 588 3358 post
609 3249 750 3310 Pseudo·
755 3249 834 3309 Plut.
864 3253 926 3311 vitt.
957 3251 989 3310 X
1013 3223 1098 3313 oratt.

147 3339 233 3398 habet
255 3361 320 3400 sane
341 3341 549 3441 praescriptum
564 3328 901 3438 ἌρχωνΠνθάρατος.
937 3339 1032 3416 Quem
1054 3356 1098 3398 ta-

147 3447 214 3485 men
235 3436 326 3532 quum
348 3428 410 3509 ipsa
432 3427 566 3486 continuo
590 3425 711 3528 excipiat
732 3425 858 3506 rogatio:
881 3419 999 3505 Λάχης
1020 3424 1102 3487 ulte?

149 3507 268 3595 δωρεὰν
296 3510 358 3614 τήνΙ
384 3506 502 3591 βουλήν
528 3508 577 3570 καὶ
607 3505 666 3569 τὸν
694 3507 793 3588 δῆμον
820 3532 847 3570 κ.
880 3532 907 3573 τ.
936 3513 963 3572 l..
988 3515 1097 3573 omissis

91 3645 93 3650 -
148 3616 251 3659 cetern
263 3602 403 3685 genuinis
424 3599 653 3682 praescriptis‚a
638 3598 736 3655 aviro
760 3590 846 3657 docto
863 3598 990 3680 quodam
1010 3621 1098 3682 prae·
1176 3604 1201 3655 Ἃ.

147 3687 285 3768 scriptum
317 3696 416 3768 patet,
444 3700 477 3744 ut
503 3707 592 3743 armus
620 3698 778 3758 constaret,
807 3707 868 3765 quo
895 3686 949 3744 lata
987 3688 1098 3767 rogatio

147 3775 193 3847 sit,
216 3788 244 3831 et
272 3794 339 3833 casu
362 3771 481 3855 quidem
507 3773 688 3847 nominativo,
712 3791 774 3852 quo
795 3772 992 3851 praescribere
1015 3773 1099 3831 etiam

145 3859 350 3919 Philochorum
378 3878 536 3940 eponymos
574 3873 683 3917 constat
718 3877 786 3916 suae
823 3880 920 3919 rerum
957 3872 1099 3941 gestarum

147 3947 311 4022 enarrationi,
332 3967 386 4027 per
408 3966 495 4004 annos
519 3943 679 4029 dispositae.

103 4056 138 4138 **)
160 4059 191 4120 In
216 4057 355 4119 tahuluio
378 4071 505 4116 notatum
528 4055 646 4139 quidem
670 4072 729 4116 erat
752 4057 836 4116 etiam
850 4079 954 4118 nomen
977 4059 1097 4119 arelium

737 4158 806 4224 22*
