2594 4672
570 272 728 382 Ar...

122 439 220 527 teris,
241 445 450 512 incursiones
472 446 517 531 (v.
529 467 602 538 cap.
614 442 649 521 h.
664 445 751 513 ur.6
767 450 860 534 etp),
876 455 1055 536 postquam
1067 444 1176 513 Athe-

125 553 268 632 nienses,
291 547 383 641 quod
405 550 453 617 eis
481 574 500 615 a
521 548 680 642 Philippo
709 549 920 643 propositum
943 566 1029 629 erat,
1058 567 1097 618 ut
1118 552 1197 619 ve-'

126 674 233 724 terem
262 651 306 720 de
338 651 462 719 finibus
489 653 746 720 controversiam
777 676 855 718 cum
884 645 1063 744 ,cordionis
1100 652 1174 747 lege

123 776 367 851 componerent
394 759 458 844 (or.
489 754 531 822 de
558 752 677 822 Halon.
700 779 734 847 p.
758 756 816 837 86,
846 757 923 845 87),
950 756 1096 848 superbe
1120 781 1174 825 re-

32 850 67 887 *
125 878 286 957 spuerant
325 861 437 953 (epist.
475 859 563 927 Phil.
600 883 635 952 p.
680 860 765 950 161).
826 858 1005 952 Diopithes
1044 881 1171 944 contra,
1215 882 1218 887 ·

126 966 313 1033 Thracibus
336 989 355 1030 a
375 957 534 1057 Philippo
558 964 757 1057 oppugnatis
785 961 963 1056 opitulatus
986 981 1035 1042 est
1056 971 1098 1048 (v.
1124 991 1172 1057 or.
1198 957 1201 962 ¹

128 1069 171 1136 de
202 1068 365 1135 Cherson.
398 1093 432 1161 p.
464 1073 539 1156 92),
569 1065 708 1161 Olymp.
739 1059 835 1148 CIX,
865 1069 896 1135 3.
948 1068 1102 1162 Violatae
1126 1073 1174 1140 itu
1213 1086 1217 1093 '

125 1175 219 1266 pacis
242 1191 280 1241 ut
301 1171 354 1248 de
366 1172 526 1262 Diopithe
547 1172 703 1238 meritam
722 1196 866 1265 poenam
879 1192 1050 1240 sumerent
1066 1175 1192 1243 Athe-¹
1215 1257 1218 1262 ,

125 1279 258 1362 ni'enses
259 1275 460 1368 ,Philippus
474 1273 611 1369 epistola
622 1270 723 1343 missa
735 1272 934 1397 postulabat.
973 1276 1016 1345 V.
1030 1290 1174 1370 argumt

12 1419 16 1433 ι
83 1454 101 1478 Ι,
128 1381 172 1449 ad
200 1405 247 1449 or.
279 1376 321 1446 de
352 1380 515 1447 Cherson.
561 1380 656 1469 Quae
685 1382 791 1448 oratio
813 1404 876 1473 per
904 1380 1002 1458 istam
1030 1382 1175 1474 quidem
1210 1374 1213 1379 ⁵

126 1486 336 1554 occasionem
357 1484 469 1550 habita
490 1500 560 1565 est,
578 1509 663 1551 num
684 1508 763 1554 vero
784 1482 975 1576 adlegatos
1002 1485 1174 1581 Philippi,

126 1588 260 1675 nullum
289 1564 472 1655 indicium
475 1611 557 1680 prae
578 1589 613 1655 se
634 1589 716 1674 iert3
743 1612 856 1680 neque
882 1587 1020 1657 aliunde
1043 1610 1176 1662 constat

23 1708 26 1717 '
62 1763 65 1772 ,
126 1695 316 1787 Pythonem
338 1712 409 1762 tum
430 1692 573 1759 Athenis
595 1690 747 1777 adfuisse,
769 1692 868 1760 sicuti
887 1690 1005 1760 eodem
1019 1709 1176 1789 tempore

127 1798 265 1866 ahaliis
288 1820 423 1890 quoque
437 1794 608 1863 Graeciae
638 1798 824 1865 civitatibus
846 1799 961 1866 missas
990 1821 1060 1866 esse
1082 1798 1176 1894 lega·

126 1905 246 1983 tiones,
268 1925 484 1994 nequaquam
507 1919 766 1969 consentaneum
789 1920 848 1971 est.

125 2086 127 2090 Α
213 2005 407 2097 Insequenti
435 2021 587 2097 tempore
619 2028 783 2095 nusquam
810 2005 964 2100 Philippi
997 2003 1041 2089 ad
1065 2007 1174 2076 Athe·

27 2144 30 2149 *
123 2113 259 2178 nienses
281 2107 482 2202 legationem
504 2127 728 2175 memoratam¹
741 2111 894 2194 invenio,
916 2134 1024 2203 usque
1046 2109 1088 2177 ad
1107 2111 1172 2180 ob·

124 2239 248 2283 sessam
279 2238 298 2279 a
325 2211 483 2306 Philippo
505 2213 746 2306 Byzantiorum
774 2216 949 2307 civitatem.
999 2216 1090 2282 Tum
1111 2216 1175 2284 de-

124 2340 220 2389 mum
246 2318 306 2384 ubi
328 2315 487 2410 Philippo
517 2314 773 2412 Hellespontum
800 2319 904 2410 m'agis
932 2321 1106 2412 magisque
1135 2323 1176 2389 in

51 2415 71 2483 ³.
125 2423 290 2494 ditionem
317 2446 411 2490 suam
444 2421 618 2514 redigente
653 2422 840 2491 exsuscitati
872 2421 1093 2490 Athenienses
1129 2424 1176 2493 ad

125 2529 258 2616 bellum
279 2545 414 2596 strenue
437 2521 718 2621 adcingebantur,
749 2544 784 2593 et
802 2525 1044 2607 Demosthenes
1072 2532 1177 2598 tertia

128 2652 317 2728 quartaque
346 2629 538 2724 Philippica
567 2647 703 2723 ruptam
732 2631 804 2697 iam*
827 2655 847 2696 a
868 2629 1029 2724 Philippo
1051 2650 1176 2726 pacem

124 2740 196 2805 esse
219 2731 425 2815 ostenderat,
448 2732 626 2827 Philippus
659 2735 752 2802 omni
779 2736 847 2800 iam
874 2733 1089 2803 simulatione
1112 2737 1197 2803 ab-··

125 2837 379 2932 iecta'Olymp.
412 2829 494 2919 CX,
537 2860 548 2904 t
583 2836 758 2929 epistolam
785 2839 1046 2908 Atheniensibus
1077 2842 1175 2911 misit

124 2969 215 3028 eam,
238 2967 325 3037 quae
354 2940 589 3024 Demosthenis
616 2960 785 3035 suspectae
815 2945 959 3013 orationi
986 2943 1068 3039 πρὸς
1096 2933 1175 3013 eit,

118 3049 288 3136 ,tamarae
312 3047 406 3114 affixa
428 3063 486 3115 est.
530 3046 602 3114 Hac
624 3047 717 3112 euim
748 3048 904 3116 excitatus
925 3048 1172 3122 Demosthenes
1199 3081 1202 3087 ·

10 3148 27 3203 ἔ
125 3143 360 3221 duodecimam
387 3176 479 3253 suam
501 3149 661 3223 adversus
681 3150 881 3247 Philippum
908 3168 990 3223 orat.
1012 3152 1173 3222 habuisse
1220 3219 1222 3224 2

122 3256 231 3327 sertor
251 3258 415 3377 Dionysio
437 3255 461 3323 l.
485 3279 514 3322 c.
536 3255 568 3345 ς.
593 3279 643 3331 ιο.
667 3279 751 3337 eam,
774 3257 867 3324 ouius
886 3255 1056 3328 exordium
1078 3277 1172 3326 certe

87 3368 88 3371 ’
125 3376 231 3428 exstat
251 3360 288 3426 in
309 3362 470 3442 oratione,
493 3383 580 3454 quae
601 3384 694 3427 nuuc
724 3359 772 3436 ad
793 3360 981 3457 Philippi
1011 3363 1176 3454 episto.

122 3463 203 3533 lam
222 3481 368 3532 vocatur.
414 3465 522 3568 anm
544 3464 728 3532 orationem
742 3465 923 3559 Dionysius
945 3464 980 3550 (l.
1004 3489 1030 3531 c.
1053 3467 1084 3555 S
1104 3469 1171 3557 ta.)

24 3574 27 3581 '
123 3567 322 3637 Philochori
344 3569 538 3640 auctoritate
559 3591 652 3634 u1sus
659 3617 670 3649 ,
700 3590 769 3659 quo
796 3585 945 3660 tempore
971 3569 1171 3660 Byzantium

123 3672 327 3766 aPhilippo
351 3668 575 3752 obsidebatur,
597 3670 746 3738 habitam
770 3694 839 3736 esse
859 3670 1042 3740 contendit
1088 3676 1168 3796 Epi

123 3776 243 3846 stolam
264 3799 341 3844 vero
361 3800 404 3840 an
419 3799 482 3868 per
496 3773 621 3865 legatos
636 3775 765 3843 miserit
777 3752 1014 3869 Philippus,
987 3801 1101 3870 e1sque
1115 3779 1168 3845 in·
1197 3858 1199 3863 y

124 3881 274 3974 terfuerit
302 3880 428 3973 Pytho,
456 3901 527 3946 non
558 3894 696 3947 constat.
749 3875 849 3962 Quod
878 3897 954 3949 utut
974 3903 1009 3947 se
1038 3882 1169 3965 habuit,

123 3984 277 4078 epistola‘
296 3983 469 4077 Philippi,
505 4006 611 4077 quum
643 3999 792 4076 apertam
827 3985 894 4052 iam
924 3983 1007 4051 helli
1036 3984 1170 4053 denun-

123 4091 302 4165 ciationem
328 4088 513 4169 contineat,
544 4104 636 4167 certo
663 4104 740 4179 post
769 4085 858 4155 illud
887 4105 1020 4179 tempus
1042 4093 1172 4184 scripta
