2594 4672
56 471 114 514 υον
142 448 321 525 Dianam
345 442 517 536 id‘quad.
531 441 624 511 illud
646 466 787 536 quoqne·
801 443 954 525 iubebat,
981 469 1099 536 qoam.
1203 488 1206 495 .

57 549 291 644 quam-ipsum
312 548 411 614 etiam
432 548 498 615 hoc
519 544 723 625 aliis'verhis
743 553 786 631 (v.
799 551 931 638 supra),
955 547 991 613 id
1009 568 1098 617 certe
1163 599 1166 607 -

56 653 145 723 nihil
167 651 272 733 valet,
295 652 324 719 si
347 652 536 721 conferatur
557 675 639 729 oum
657 650 811 742 reliquis,
833 653 868 715 in
891 651 1013 744 quihus
1036 652 1098 721 ‹le-
1157 684 1165 694 ⁶

58 775 196 827 oretum
209 757 274 823 hoe
295 757 387 828 omni
411 780 450 822 ex
471 775 567 846 parte
589 751 713 829 abillo
736 754 903 827 diversum
916 780 985 823 esse
1001 781 1099 826 mon-

58 863 241 931 stravimus.
286 858 378 942 Quid
399 857 525 952 igitur-i
559 859 736 939 Fictumne
756 859 1099 953 universumuiudice-

57 991 132 1033 mus
155 963 343 1042 decretum,
367 962 460 1054 quod
481 964 663 1052 suspicatus
678 980 736 1049 ¹est
747 962 954 1030 contarenus
976 966 1012 1029 in
1032 965 1098 1034 Ve-⁴

27 1105 40 1116 ν
57 1073 117 1136 riis
140 1061 371 1144 Lectionibus,
393 1067 453 1130 uhi
474 1063 517 1130 de
539 1064 606 1130 fide
617 1066 717 1130 huius
731 1066 965 1156 psephismatis
981 1067 1099 1160 dispu-

56 1173 156 1241 tavit?
201 1175 247 1236 At
278 1168 427 1260 quisquis
457 1168 534 1248 fuit,
565 1170 625 1261 qui
646 1169 734 1234 miro
757 1169 919 1236 eiusmodi
947 1168 1023 1238 lusu
1045 1175 1098 1239 in-‘

58 1276 149 1385 'genii
177 1272 358 1345 delectatus
387 1272 445 1353 sit,
474 1272 503 1337 is
527 1260 613 1345 num
636 1295 676 1338 ex
702 1269 774 1338 solo
808 1295 868 1337 suo
889 1274 1024 1367 ingenio
1047 1301 1100 1341 ar-
1157 1322 1158 1325 κ

57 1377 214 1454 chontem
226 1369 336 1456 'etiam
351 1372 595 1467 Mnesiphiltim
618 1374 763 1441 evocarit
784 1372 1098 1469 pseudeponymum

59 1501 99 1550 et·
114 1506 264 1568 mensem
286 1479 626 1565 Hecatombaeonem,
650 1476 941 1546 etPendionidem
963 1482 1098 1564 tribum,

58 1605 93 1654 et
114 1586 241 1674 πρώτην
264 1583 357 1650 illam
378 1586 556 1668 ἐκκλησίαν,
595 1597 629 1649 et
649 1568 801 1673 quinque
821 1581 944 1672 legatos
966 1609 1099 1652 eorum·
1121 1602 1123 1607 ’

61 1714 128 1785 que
150 1714 219 1775 non
241 1689 377 1754 nomina
402 1685 530 1777 solum,
559 1684 619 1752 sed
640 1685 842 1775 cognomina
863 1689 963 1754 etiam
984 1683 1103 1756 demo

61 1793 148 1887 tica?
184 1793 277 1860 'Miri
297 1814 377 1857 sane
400 1789 429 1855 is
450 1791 580 1881 ingenii
602 1790 717 1855 fuisset
738 1787 859 1870 homo,
881 1792 919 1856 in
942 1814 1009 1885 quo
1032 1793 1100 1860 hoc‘
1187 1811 1189 1814 ’

29 1884 202 1971 'manime
223 1889 414 1963 mirandum
437 1911 538 1979 esset,
562 1892 655 1986 quod
676 1893 776 1958 verba
800 1891 926 1961 decreti
948 1920 967 1961 a
989 1920 1023 1963 se
1045 1890 1100 1963 in-

56 2004 148 2074 uenti
175 1999 218 2067 ad
245 1997 479 2081 Demosthenis
510 1998 757 2075 enarrationem
777 1996 882 2090 magis
902 1998 1101 2091 neglexisset
1133 2004 1138 2011 '

58 2102 319 2177 accommodare.
352 2100 427 2175 „llle
455 2102 546 2167 enim
575 2101 699 2188 ἔγραψα
718 2099 890 2186 βουλεύων,
922 2105 986 2186 eit,
1017 2104 1101 2173 ἀπο-

56 2218 142 2278 πλεῖν
169 2209 227 2294 τὴν
252 2208 402 2290 ταχίστην
431 2204 505 2280 τοὺς
526 2205 671 2290 πρέσβεις
695 2208 744 2270 ἐπὶ
767 2205 846 2281 τοὺς.
861 2206 977 2284 τόπους
998 2210 1031 2274 ἔν
1054 2205 1103 2288 οἷς

56 2312 97 2381 ἃν
117 2312 194 2378 ὄντα
208 2309 264 2377 τὸν
280 2311 438 2376 Φίλιππον
451 2304 687 2372 πυνθάνωνται·
712 2305 904 2374 decretum:
928 2298 1118 2397 ἀποδημεῖν

55 2404 212 2504 μηδεμίαν
240 2409 418 2500 ὑπερβολὴν
445 2407 665 2494 ποιουμένους,
699 2408 778 2475 ὅπου
805 2406 845 2475 ἂν
876 2409 952 2476 ὄντα
973 2414 1101 2481 πυνθοὶ-
1147 2458 1150 2463 -
1237 2430 1241 2437 ’

58 2545 173 2592 νονντοι
195 2516 251 2585 τὸν
275 2519 317 2582 Φ.
361 2512 557 2580 Mirandum
581 2529 750 2603 praeterea
780 2503 881 2600 esset,
913 2514 1006 2606 quod
1033 2518 1102 2585 Ae.

56 2623 209 2690 schinem
231 2643 302 2687 non
312 2619 423 2711 ptimo
444 2608 535 2685 inter
556 2616 679 2707 legatos
700 2613 775 2684 loeo
788 2617 1018 2703 constituisset,
1041 2620 1100 2688 de-

57 2728 183 2818 nique,
205 2723 243 2790 id
265 2723 358 2814 quod
380 2722 609 2814 gravissimum·
628 2738 693 2800 est,
716 2720 810 2813 quod
831 2722 948 2792 eorum
958 2738 1099 2794 numero

61 2829 199 2899 omnino
230 2826 419 2895 exclusisset
449 2825 669 2894 Philocratem
691 2825 893 2915 Agnusium,
925 2852 1026 2920 quem
1048 2827 1102 2898 di.

56 2952 145 3009 serte
173 2933 349 3000 Aeschinis
381 2928 541 3022 collegam
572 2930 609 2997 in
630 2929 906 3022 praecedentibus
939 2939 991 3025 (p.
1015 2935 1100 3022 232)

58 3037 302 3106 Demosthenes
324 3037 510 3104 nominavit
530 3039 569 3119 Ἴ.
614 3032 683 3121 Sed
704 3057 756 3100 res
778 3033 943 3120 'eiusmodi
967 3053 1027 3119 est,
1063 3054 1102 3107 nt
1135 3075 1138 3081 ·

58 3348 65 3357 .
102 3293 262 3378 illisque
291 3310 320 3355 et
352 3293 475 3371 maxime
499 3293 540 3374 τῇ
560 3282 668 3373 πρώτῃ
695 3284 838 3381 ἐκκλησίην
864 3292 929 3355 satis
949 3314 1012 3354 mea
1033 3316 1100 3356 sen-

56 3440 61 3447 .
149 3383 236 3442 tentia
256 3381 398 3445 refellitur
419 3379 605 3462 Spengelius‚
628 3378 679 3460 qui
701 3378 730 3436 in
753 3376 913 3439 Comment.
927 3379 965 3441 de
978 3383 1101 3443 archon·

58 3522 63 3530 .
111 3538 114 3542 Δ
146 3469 225 3530 tibus
235 3467 479 3552 pseudeponymis
490 3467 616 3525 in'Dem.
639 3486 681 3523 or.
705 3463 824 3524 decor.
847 3476 933 3548 quain
946 3468 1099 3531 novissimo

147 3557 244 3616 Musei
264 3555 395 3616 Rhenani
422 3551 556 3613 fasciculo
586 3551 632 3628 (ll.
656 3551 686 3627 3)
709 3550 841 3619 insertam
861 3550 950 3614 modo
978 3556 1101 3639 perlegi,
1148 3586 1150 3592 ’
1197 3554 1201 3562 ’

148 3641 296 3702 decretum
317 3643 372 3701 hoc
394 3661 456 3700 esse
473 3638 597 3721 quidem
622 3636 696 3696 iflud
715 3639 917 3700 Demosthenis
942 3640 980 3701 de
1008 3656 1101 3703 matu-

147 3728 235 3789 randa
257 3729 416 3810 legatorum
437 3726 637 3808 profectione,
660 3723 709 3785 Ol.
732 3723 846 3802 CVlll,
869 3747 886 3787 2
905 3725 1101 3809 Munychione
1139 3746 1142 3753 '

56 3876 61 3883 ,
147 3814 188 3874 lll
207 3813 477 3895 latum,„opinatur‚
499 3811 675 3893 sedipartim
697 3811 864 3890 mutilatum,
886 3815 991 3895 partim
1013 3814 1103 3877 intere

148 3900 343 3984 polationibus
365 3898 518 3958 admodum
540 3899 667 3958 vitiatum
689 3898 725 3957 ab
747 3899 861 3958 homine
883 3898 1000 3961 indocto
1023 3922 1102 3984 quo·

148 3988 231 4066 dam,
260 3987 312 4068 qui
334 3987 493 4066 legatorum
514 3986 636 4067 primum
658 3986 786 4060 nomina,
809 4007 884 4068 quae
906 3985 1025 4048 decreto
1046 4008 1101 4049 suo

149 4072 423 4155 non,edscripserit
456 4071 682 4150 Demosthenes,
718 4070 802 4154 quod
842 4073 928 4132 creati
950 4073 1006 4135 iam
1035 4086 1100 4135 ante

720 4171 789 4238 21*
830 4213 867 4222 ι-
