2594 4672
638 162 927 312 „erl”

288 375 403 467 ltaque
425 376 507 442 haec
530 374 597 443 duo
619 375 752 446 decreta
773 374 877 469 quum
890 379 1062 448 manifesto
1083 379 1161 454 loco
1179 371 1255 453 suo*

200 497 288 546 mota
323 496 356 545 et
384 503 461 545 cum
483 480 576 546 iustis
606 481 741 548 confusa
763 484 848 563 sint,
875 484 1000 550 'omnia‘
1020 505 1243 554 monumenta

198 583 346 676 publica,
371 607 455 674 quae
479 585 516 648 in
541 587 692 651 oratione
715 586 757 652 de
780 588 1141 670 ceronsinveniuntm
1166 591 1243 656 iure

199 685 372 756 contendit
400 687 584 754 Boeckhius
617 688 655 771 (l.
680 713 707 755 c.
732 716 764 782 p.
794 693 846 779 ¹9)
877 713 946 767 non
969 717 987 755 a
1010 686 1242 763 Demosthene

164 859 167 866 ,
198 815 267 858 esse
290 790 448 882 profecta,
471 791 530 857 scd
541 795 1010 885 posterioribus‘temporibus
1033 794 1075 859 ab
1097 796 1243 864 homine

198 895 346 989 quodam
361 894 530 973 ,laborioso
553 893 702 974 collecta,
725 916 762 960 ut
794 921 907 962 rerum
935 916 1100 990 gestarum
1131 898 1244 988 expli-

198 1001 322 1065 cationi
345 1000 553 1065 inservirent.
593 1000 710 1089 Atque
732 1001 882 1091 profecto
916 1023 985 1064 non
1014 1023 1092 1065 casu
1113 1001 1243 1069 factum

135 1193 137 1197 y
196 1103 249 1182 sit,
271 1125 342 1168 non
364 1100 496 1167 defessa¹
511 1103 722 1170 librariorum
745 1127 860 1182 manu,
892 1103 985 1194 quod
1011 1102 1091 1168 inde
1121 1129 1240 1170 ame-

197 1206 253 1273 dia
275 1206 425 1279 oratione
447 1206 558 1272 omnia
580 1205 806 1294 actapublice
828 1208 865 1270 in
887 1203 1041 1274 om'nibus
1064 1206 1242 1277 codicibus

198 1307 444 1393 desiderantum
472 1308 531 1383 sed
556 1308 652 1374 ¹idem
680 1308 738 1374 ille
770 1309 870 1376 homo
900 1334 1037 1403 operam
1058 1313 1162 1377 nimis
1187 1325 1244 1378 ar-

198 1411 308 1494 duam,
331 1436 438 1504 quum
456 1437 533 1478 eam
554 1411 597 1478 ad
618 1411 763 1478 mediam
784 1437 889 1504 usque
919 1418 1102 1481 orationem
1129 1421 1243 1485 conti-

196 1534 352 1598 nunsset,
363 1536 433 1583 tum
456 1534 513 1581 aut
523 1515 620 1583 fato
611 1515 813 1608 interruptus
837 1516 1066 1610 imperfectam
1088 1518 1242 1614 relique·
1269 1528 1272 1532 ’

195 1624 259 1703 rit,
293 1639 365 1701 aut,
399 1620 492 1712 quod
519 1613 622 1711 magis
644 1619 788 1713 placeat,
819 1619 965 1699 defessus
998 1623 1088 1688 etin
1110 1623 1242 1692 celebri

196 1725 257 1793 illo
281 1723 512 1792 Demosthenis
535 1723 668 1792 decreto
699 1725 892 1804 subsistens,
916 1748 955 1791 ex
977 1748 1044 1814 quo
1066 1727 1241 1818 proelium

198 1831 432 1898 Chaeronense
444 1830 645 1895 concitatum
656 1845 715 1907 est,
737 1846 856 1929 sponte
869 1829 1097 1913 intermiserit
1142 1833 1239 1916 Quae

196 1936 359 2005 sententia
381 1955 420 2005 eo
444 1933 543 1999 etiam
566 1931 756 1998 confirmari
777 1949 895 2020 potest,
919 1930 1011 2022 quod
1019 1953 1238 2003 monumenta

195 2036 292 2105 illa
283 2062 319 2102 tn
348 2033 548 2128 quibusdam
587 2033 759 2103 codicibus
795 2036 919 2126 partim
954 2034 1075 2117 desunt
1112 2040 1233 2131 partim

196 2168 215 2210 a
249 2139 434 2224 recentiore
468 2163 569 2218 manu
597 2141 635 2205 in
669 2139 832 2229 margine
852 2158 909 2206 aut
942 2140 998 2238 in
1016 2142 1088 2207 ima
1114 2145 1234 2234 pagine

128 2240 131 2244 ⁴
195 2245 361 2338 adscripta
390 2244 556 2334 leguntur.
614 2242 666 2310 Cf.
692 2241 835 2313 Beklrer.
866 2241 909 2310 ad
937 2269 973 2336 p.
1004 2247 1066 2314 235
1095 2265 1132 2314 et
1161 2248 1236 2315 238.

195 2349 296 2418 Unde
323 2373 401 2415 vero
430 2372 468 2413 ea
495 2346 668 2439 desumpta
689 2347 776 2415 sinti
801 2347 984 2414 Nimirum
1013 2366 1070 2415 aut
1098 2374 1139 2416 ex
1161 2353 1235 2442 ipso

194 2442 451 2521 Atheniensium
464 2451 653 2533 tabulario,
680 2468 745 2532 eut,
770 2476 854 2543 quae
875 2453 967 2544 ipsae
990 2477 1026 2518 ex
1048 2452 1111 2520 illo
1134 2455 1236 2521 fluxe-

135 2623 136 2628 ,
194 2557 386 2650 runtfonte,
409 2582 445 2622 ex
457 2574 752 2623 monumentorum
768 2555 1031 2637 collectionibus,
1054 2559 1236 2648 posteriori

195 2682 345 2752 ternpore
368 2662 569 2751 compositis.
614 2660 729 2726 Fuisse
752 2661 843 2726 enim
869 2662 1070 2752 antiquitus,
1099 2680 1235 2753 praeter
1278 2666 1283 2677 ’

194 2766 454 2856 inscriptionum
476 2761 702 2844 collectiones,
730 2764 945 2852 ψηφισμάτων
974 2766 1157 2851 συναγωγὴν
1179 2783 1235 2832 eut

194 2871 298 2937 libros
321 2870 389 2954 περὶ
411 2867 625 2954 ψηφισμάτων
648 2893 666 2932 a
690 2867 826 2934 Cratero
858 2866 1043 2952 Macedone
1066 2871 1232 2960 composi7

164 2991 167 2995 ’
193 2993 243 3043 tos
266 2990 402 3055 constat,
426 2971 468 3038 de
491 2973 612 3063 quibus
634 2995 744 3063 nuper
760 2971 946 3038 Boeckhius
968 2972 1141 3040 uberrime
1165 2974 1233 3064 egit

192 3080 239 3145 in
250 3077 355 3170 praef.
380 3078 423 3143 ad
447 3077 547 3168 Corp.
572 3079 672 3142 Inscr.
695 3078 725 3166 §.
748 3077 797 3160 115
821 3099 869 3143 ex
882 3100 949 3180 quo
974 3075 1107 3144 Crateri
1129 3100 1232 3196 opere

167 3182 245 3256 ,vel
268 3207 305 3248 ex
325 3182 491 3264 similibus
521 3178 771 3248 collectionibus
800 3180 883 3247 elios
909 3181 1048 3271 petisse,
1080 3182 1185 3272 qui
1175 3152 1234 3249 de·

119 3325 122 3336 =
195 3303 284 3353 oreta
304 3286 401 3352 nobis
423 3287 533 3351 Attica
549 3287 728 3366 servarint,
751 3286 889 3376 ipsaque
911 3284 991 3351 haec
1014 3302 1232 3362 monumenta

194 3392 336 3458 orationi
366 3388 407 3455 de
441 3414 506 3456 cor.
529 3390 823 3471 insertafluxisse,
854 3388 946 3454 idem
974 3388 1102 3456 ibidem
1124 3390 1232 3481 suspi-

193 3512 296 3562 catur.
343 3495 386 3560 Et
406 3494 468 3559 hac
492 3511 580 3559 certe
603 3492 670 3560 sola
691 3495 761 3573 via,
788 3516 982 3585 persuasum
1004 3493 1090 3558 ‘mihi
1113 3493 1231 3572 habeo,

193 3598 355 3691 explicari
387 3598 548 3688 plurima,
582 3623 624 3663 ne
659 3597 769 3662 dicam
799 3599 911 3662 omnia
941 3620 1055 3689 posse,
1088 3599 1231 3689 quaein

192 3705 415 3770 monumentis
438 3702 487 3765 his
511 3703 668 3773 lectorem
691 3699 868 3766 offendant
915 3702 1065 3766 Primum
1089 3703 1232 3793 quasin

193 3807 322 3874 duobus
344 3786 508 3897 prioribus
523 3806 663 3900 decretis
679 3804 778 3870 modo
792 3803 1071 3894 deprehendimus
1085 3804 1231 3872 difficul-

192 3930 284 3979 tates.
299 3909 473 3977 Alterius
491 3910 648 3975 decreti
639 3909 733 3984 mitro
749 3926 884 3997 rogator
899 3908 1032 3974 affertm
1049 3911 1234 3977 Καλλισθέ

192 4043 246 4101 νης
259 4017 430 4082 Ἕτὲονίκου
447 4013 622 4100 Φαληρεύς·
635 4016 683 4095 in
707 4012 855 4079 ciusdem
869 4014 936 4081 fine
951 4011 1087 4080 additur
1102 4038 1232 4080 rursus:
1265 4079 1267 4083 ,
