2594 4672
506 272 661 394 ,α-
987 310 995 356 t

18 540 21 543 Ι
61 463 169 540 quum
210 471 325 518 rursus
363 453 463 519 totius
503 451 704 520 Thessaliae
729 451 992 521 dominationem
1025 451 1102 518 affe-

61 554 203 620 ctarent
221 555 336 621 accitis
361 556 404 621 ‘in
439 558 630 625 societatem
657 555 899 636 Phocensibus,
933 553 1103 621 Aleuadae

60 659 236 749 proposito
259 658 324 724 sibi
344 674 564 751 tyrannorum
586 657 716 727 excidio
745 659 940 750 Philippum
968 682 1007 724 ex
1029 660 1103 726 Ma-

61 760 205 828 cedonia
235 761 358 828 auxilio
389 765 637 838 arcessiverunt.
688 764 828 829 Factum
856 762 895 828 id
923 787 992 828 esse
1020 760 1104 829 duo-

59 887 138 930 rum
169 889 208 931 ex
240 883 338 959 gente
365 866 591 933 Aleuadarum
621 869 802 961 praecipua
832 889 949 959 opera,
981 865 1104 932 Eudici
1192 898 1196 907 ·

60 985 164 1060 atque
186 968 288 1051 Sim,
319 972 419 1037 testis.
438 988 488 1038 est
513 971 674 1063 Harpocr.
705 971 749 1061 (v.
771 970 903 1047 Εὔδικος
925 985 958 1036 et
980 971 1103 1058 Σᾷιος),

61 1079 147 1164 quos
167 1088 346 1165 propterea
368 1075 608 1141 Demosthenes
631 1073 673 1141 de
695 1099 761 1142 cor.
785 1100 819 1167 Ρ.
840 1075 897 1160 ο4ι
925 1075 963 1140 in
987 1071 1104 1165 prodi-

58 1177 191 1244 toribus
211 1194 379 1262 recenset3
402 1179 483 1246 alios
496 1178 589 1245 idem
601 1177 694 1245 addit
709 1190 743 1270 Ρ.
767 1178 840 1263 324.
861 1176 1038 1268 Philippus
1052 1201 1104 1243 ar-

46 1288 159 1373 'repta
188 1278 363 1357 confestim
396 1284 646 1374 opportunitate
680 1284 764 1350 votis
805 1282 870 1348 suis
910 1282 1102 1372 gratissima,

58 1379 241 1478 postquam
270 1386 455 1478 suppressis
485 1385 628 1453 feliciter
656 1387 806 1478 tyrannis
835 1385 974 1452 urbibus
1001 1383 1104 1451 liber-

59 1505 165 1555 tatem
185 1485 419 1569 vindicaverat,
441 1505 641 1582 perpetuam
661 1507 753 1570 tum,
784 1513 951 1582 quamque
983 1490 1021 1553 iu
1042 1509 1105 1581 po-

60 1609 190 1659 sterum
210 1589 356 1658 consiliis
384 1593 465 1663 suis,
483 1591 695 1661 utilissimam
722 1605 937 1683 cognoverat,
965 1592 1106 1657 Thessa-

58 1689 175 1762 lorum
203 1695 393 1763 societatem
429 1715 462 1764 et
493 1699 676 1764 amicitiam
708 1697 774 1763 sibi
807 1694 1007 1763 conciliavit.
1062 1692 1104 1783 V.

60 1798 203 1867 Diodor.
226 1799 328 1881 XVl,
356 1800 414 1886 14,
436 1801 574 1868 sub‘Ol.
599 1799 671 1881 CV,
693 1800 731 1886 4,
759 1824 862 1891 quem
883 1817 993 1866 tamen
1026 1821 1104 1865 cave

59 1927 107 1971 ne
128 1906 175 1970 ita
194 1902 228 1969 h.
249 1901 272 1969 l.
295 1901 477 1998 intelligas,
514 1929 559 1973 ae
581 1906 610 1972 si
643 1902 702 1972 illo
725 1905 790 1971 iam
815 1927 903 1972 anno
926 1902 1103 1994 Philippus
1158 1922 1160 1927 ·

59 2009 229 2100 suppetias
249 2006 415 2075 Thessalis
437 2011 576 2102 venerit.
620 2009 733 2075 Refert
755 2009 857 2089 enim,
881 2005 973 2100 quod
994 2006 1104 2072 lacere

59 2109 233 2178 interdum
254 2109 348 2193 solet,
371 2128 555 2196 extremum
576 2117 689 2179 statim
709 2137 822 2179 rerum
845 2128 1014 2192 eventum,
1043 2110 1104 2202 qui

60 2232 176 2282 tamen
199 2213 337 2303 Olymp.
360 2212 497 2282 demum
525 2216 604 2282 CVI
626 2241 654 2282 a.
680 2215 705 2301 4
732 2213 900 2296 adductus
923 2239 990 2281 esse
1008 2213 1105 2281 vide-

61 2335 128 2384 tur.
136 2318 166 2398 *)
207 2315 281 2381 Hoc
303 2317 395 2381 enim
416 2341 503 2384 anno
519 2334 676 2384 'exortum
697 2320 765 2383 iam
785 2317 914 2385 bellum
931 2319 1102 2385 Phocense

60 2408 144 2501 erat,
167 2419 205 2483 in
226 2442 305 2510 quo,
327 2436 460 2512 praeter
474 2419 650 2488 Thebanos
673 2439 706 2488 et
717 2408 908 2502 Locrenses,
929 2420 1104 2487 Thessalos

58 2524 242 2591 maximam
263 2539 392 2613 partem
415 2524 568 2590 habuisse
588 2542 706 2593 notum
728 2541 786 2591 est.
830 2525 881 2592 Eo
903 2524 1005 2615 igitur
1019 2541 1104 2591 tem·

59 2648 152 2721 pore
167 2625 320 2694 Thessali
341 2626 385 2695 ad
407 2626 489 2698 duos
511 2627 612 2696 simul
633 2629 763 2711 hostes,
793 2645 955 2722 tyrannos·
982 2646 1015 2694 et
1044 2627 1103 2719 qui

29 2837 32 2842 .
59 2826 375 2842 m

104 2960 189 3044 >ld
209 2941 301 3046 patet
317 2987 352 3025 ex
374 2988 419 3026 or.
439 2967 557 3048 Olynth
587 2967 630 3043 ll,
661 2990 736 3052 quae
767 2968 913 3072 Olymp
915 2962 1102 3040 cv11,ta

146 3049 353 3112 Demosthene
364 3053 459 3114 habita
482 3070 538 3133 est,
559 3054 655 3117 verbis
677 3057 736 3114 his:
758 3047 851 3113 πάλιν
873 3074 913 3112 αν
934 3045 1014 3132 πρὸς
1031 3049 1102 3110 Πο-
1165 3126 1169 3132 1

147 3133 271 3198 τίδαιαν
282 3133 426 3244 (Olymp.
450 3140 520 3216 CV,
550 3137 585 3224 4)
612 3135 794 3209 Ολυνθίοις
820 3132 919 3218 ἐφάνη
947 3158 976 3197 τι
1005 3138 1098 3197 τοῦτο

148 3219 384 3308 συναμφότερον
422 3218 456 3311 [ἦ
487 3186 688 3307 Μακεδονικὴ
725 3218 903 3334 dirupta}
934 3221 1023 3285 νονὶ
1061 3219 1102 3284 δ
1087 3244 1101 3284 ε

151 3307 367 3417 Θετταλοῖς
407 3308 668 3388 στασιάζουσι
697 3308 758 3373 καὶ
788 3306 1103 3417 τεταραγμένοις

148 3392 211 3460 ἐπὶ
243 3393 316 3477 τήν
351 3393 606 3480 τυραννικὴν
643 3395 781 3461 οῖκίαν
811 3391 1033 3479 ἐβοήθησε·
1069 3420 1101 3479 Ρ.
1199 3419 1201 3422 ⁴

139 3494 200 3544 oa.
244 3485 291 3545 Cf.
315 3507 357 3547 or.
386 3479 509 3567 Olynth.
532 3486 555 3563 1,
576 3510 607 3570 p.
633 3508 688 3565 ta,
713 3489 743 3546 in
771 3509 830 3592 qua
854 3507 902 3546 res
923 3486 966 3544 his
987 3499 1103 3590 tempo·

81 3584 84 3588 ’
145 3571 228 3631 ribus
250 3587 346 3678 gestae
367 3575 422 3633 hoc
445 3573 546 3632 ordine
567 3573 746 3634 referuntur:
773 3566 809 3633 τδ
839 3563 964 3654 πρῶτον
987 3565 1102 3676 Ἀμφί-

146 3658 238 3718 πολιν
265 3653 371 3734 λαβών
396 3658 528 3740 (Olymp
554 3659 624 3737 CV,
655 3663 740 3738 3),Ρ
742 3653 808 3720 tevi
838 3660 937 3720 ταῦτα
958 3651 1099 3728 Πύδναν,

146 3738 240 3807 πάλιν
260 3743 436 3806 Ποτίδαιαν
457 3742 590 3856 (Olpmp.
614 3746 702 3817 CVI,
734 3747 780 3826 ι),
810 3725 976 3849 Μεθώνην
1007 3731 1102 3811 αὖθις

146 3828 281 3936 (Olymp.
305 3831 391 3909 cvl,
413 3829 464 3915 4),
492 3853 558 3892 εντα
577 3791 754 3904 Θετταλίας
775 3830 879 3936 ἐπέβη·
902 3824 982 3935 affl
1003 3845 1102 3888 ταντα

24 3970 27 3977 .
148 3911 264 4000 Φεράς,
276 3915 446 4022 Μαγνησί
444 3939 483 3978 αν
510 3917 610 4024 (prbes
627 3915 803 4027 Thessalas)
825 3911 920 3978 πάνθ’
951 3910 987 3974 δν
1009 3905 1101 3990 {stoi

144 4003 230 4151 lttppp¹
230 3996 436 4192 stippeuloac
472 3999 610 4088 τρόπον
614 4000 705 4093 ᾤχετ’
733 4005 786 4078 εἰς
806 3998 935 4090 Θράκην
967 3999 1102 4082 (olymp

264 4109 275 4151 ι

650 4151 764 4277 ,αι
