2594 4672
1151 35 1210 323 1

127 451 313 546 proposuit.
335 447 377 515 V.
389 424 497 540 Epist.
510 445 599 514 Phil.
612 447 635 540 l}
648 470 677 514 c.
699 447 845 538 Utrique
858 447 1032 537 proposito
1046 334 1175 557 1εείεέ

50 569 53 574 ’
122 574 238 625 'orator
260 552 302 619 de
324 551 506 634 Haloneso,
522 553 684 619 iniustum
705 551 855 645 primum
875 572 946 615 esse
965 548 1097 632 dicens,
1120 552 1175 837 a?

126 659 239 751 sulam·
258 656 341 724 doni
369 658 481 748 specie
507 678 721 748 recuperare,
751 672 789 721 ut
810 676 887 721 vero
910 653 983 745 iure
1005 651 1138 748 discep'

125 779 203 830 rent
223 784 301 828 cum
325 759 527 842 Macedone,
549 759 810 826 Atheniensibus
833 755 1023 850 indignum.
1068 758 1133 825 Un
1146 839 1157 851 Ι,

126 881 387 934 consentaneum
408 881 467 945 est,
489 861 582 930 haud
604 861 664 929 diu
686 880 761 928 ante
783 861 871 928 hanc
892 855 1081 928 orationem
1106 863 1168 931 Hs.

15 1018 19 1026 -
124 970 279 1040 lonesum
300 991 320 1032 a
340 965 499 1061 Philippo
528 962 722 1060 occupatam
753 989 839 1051 esse,
867 965 905 1031 id
927 981 993 1047 est,
1026 965 1166 1063 Olympi

125 1075 261 1142 circiter
275 1069 357 1138 CIX
379 1095 407 1137 a.
434 1095 461 1138 1.
504 1071 732 1165 Peparethum
753 1086 865 1136 autem
879 1068 1078 1137 devastatam
1103 1088 1179 1149 en,

126 1172 258 1270 oportet
287 1171 438 1266 tempore
470 1199 548 1244 mox
581 1174 791 1267 insequenti,
832 1169 971 1265 Olymp.
1006 1174 1168 1247 nimirum
1200 1232 1207 1245 ,

128 1282 210 1348 CIX
231 1304 260 1345 a.
275 1279 303 1348 ,3
328 1297 485 1359 exeunte,
514 1304 573 1346 seu
595 1280 733 1362 ineunte
756 1294 886 1369 quarto.
929 1274 1016 1343 Nam
1037 1278 1075 1344 in
1098 1277 1192 1348 ore·-

126 1384 274 1453 tionibus
297 1381 340 1448 de
363 1382 571 1452 Chersoneso
603 1399 637 1448 et
658 1380 806 1474 Philipp.
836 1381 889 1462 Ill
908 1377 1003 1446 nulla
1024 1382 1099 1448 eius
1123 1382 1171 1452 roi

127 1487 167 1557 fit
193 1486 336 1568 mentio,
374 1486 434 1552 sed
460 1488 496 1553 in
526 1484 667 1580 epistola
701 1484 842 1551 demum·
866 1481 1017 1577 Philippi
1043 1483 1081 1568 (l.
1116 1487 1172 1581 c.),·

17 1604 20 1612 “
127 1615 229 1683 quam
250 1593 287 1655 in
309 1589 378 1656 fine
401 1590 541 1684 Olymp.
566 1590 663 1670 CIX,
692 1588 715 1675 4
737 1587 966 1666 collocandam
988 1612 1059 1655 esse
1081 1591 1173 1659 infra

72 1756 74 1759 ,
126 1693 319 1762 docebimus
341 1695 428 1786 (cap.
441 1695 475 1760 h.
488 1719 541 1761 nr.
555 1697 600 1785 7).
646 1694 691 1759 In.
709 1694 772 1758 hac
792 1710 904 1758 autem
919 1690 1097 1785 Philippus
1107 1695 1173 1763 Pc-

29 1799 32 1805 ’
68 1879 76 1892 .
124 1798 303 1891 parethum
329 1815 368 1864 ut
395 1822 513 1864 recens
526 1872 527 1875 Ἴ
540 1797 694 1889 punitam
716 1813 972 1877 commemorat,
1001 1821 1069 1865 una
1091 1821 1178 1884 cnm*

125 1902 385 1969 Atheniensium
407 1926 537 1995 nupera
560 1923 598 1966 ea
620 1897 662 1964 dc
683 1923 721 1965 re
743 1899 983 1990 indignatione.

83 1997 87 2001 ⁴
211 2005 340 2073 Verum
361 2005 601 2075 Demosthenes
624 2002 757 2084 eodem,
789 2002 831 2071 de
858 2027 925 2096 quo
949 2003 1174 2098 disputamus,

55 2102 57 2109 ’
119 2107 219 2191 loco,
248 2106 378 2176 nullam
407 2110 444 2175 in
465 2111 526 2192 iis,
557 2131 644 2200 quae
672 2107 871 2201 Philippum
899 2110 990 2174 inter
1011 2124 1044 2174 et
1063 2107 1173 2186 Athe-

72 2295 74 2300 ·
125 2213 260 2279 nienses
295 2210 338 2278 de
359 2211 524 2281 Haloneso
558 2230 631 2278 acta
659 2213 728 2279 sint
753 2230 787 2279 et
814 2210 1010 2305 disceptata,
1038 2229 1173 2304 partem

127 2341 162 2384 se
183 2315 335 2383 hahuisse
357 2313 541 2398 contendit,
566 2342 672 2409 quum
701 2335 811 2384 tamen
833 2317 972 2408 Dionys.
995 2302 1069 2398 Hal.
1092 2316 1117 2385 l.
1141 2343 1172 2386 c.

126 2420 224 2488 etde
247 2420 364 2487 admir.
387 2422 420 2486 vi
441 2419 507 2488 dic.
530 2423 569 2488 in
583 2422 756 2489 Demosth.
780 2445 808 2488 c.
829 2443 852 2510 9
875 2437 908 2486 et
933 2421 983 2502 13,
1005 2421 1080 2487 sine
1102 2421 1174 2491 ulla

127 2522 333 2593 dubitatione
363 2526 549 2593 orationem
581 2525 624 2592 de
646 2520 812 2593 Haloneso
835 2541 873 2591 ut
893 2525 1080 2618 genuinum
1101 2527 1175 2594 De·

125 2629 310 2696 mosthenis
332 2651 415 2720 opus
437 2646 609 2696 memoret.
655 2629 827 2698 Orationis
845 2652 923 2696 vero
945 2628 1175 2724 istiusauctor

121 2754 197 2798 non
218 2730 333 2797 habuit
362 2753 434 2798 eam
456 2731 582 2815 solum,
612 2735 851 2826 verumetiam
878 2732 1068 2814 decretum,
1100 2733 1174 2827 qut)¹

127 2834 171 2901 ad
213 2835 367 2927 Philippi
404 2834 581 2932 epistolam
616 2839 809 2931 responsuri
851 2854 945 2904 erant
982 2837 1176 2906 Athenien-

125 2955 194 3022 ses,
231 2939 437 3032 conscripsit.
495 2939 539 3008 V.
570 2945 618 3007 or.
661 2941 703 3033 de
738 2941 859 3009 Halon.
892 2967 928 3035 p.
959 2944 1011 3008 88.
1062 2941 1174 3010 Acce-

124 3043 238 3111 dimus
260 3045 364 3135 igitur
385 3042 429 3110 ad
455 3047 685 3137 quaestionem
716 3045 758 3112 de
786 3063 920 3113 auctore
943 3046 1104 3113 orationis
1127 3046 1175 3114 il·
1191 3038 1203 3048 '⁵

125 3146 206 3229 lius,
244 3173 346 3241 quam
375 3174 395 3213 a
423 3148 647 3244 disputatione
675 3168 790 3218 nostra
824 3172 894 3216 non
927 3173 996 3216 esse
1024 3147 1174 3223 alienam

125 3274 315 3334 censemus,
353 3272 558 3347 quamquam
593 3280 699 3347 quum
735 3254 865 3348 pluries
901 3251 943 3320 de
975 3253 1094 3321 eadem
1131 3258 1173 3324 in

125 3370 304 3448 utramque
331 3373 462 3448 partem
503 3359 711 3451 disputatum
746 3385 765 3426 a
794 3359 1040 3427 recentioribus
1075 3359 1171 3452 sit*),

125 3585 436 3607 Μ

79 3766 81 3772 ’
147 3757 151 3765 “
167 3735 194 3827 ’)
216 3761 232 3800 a
248 3738 302 3810 Fr.
316 3738 427 3801 lacohs.
448 3741 469 3806 l.
491 3761 519 3804 c.
531 3765 563 3826 p.
578 3747 637 3825 378
651 3766 729 3828 sqq,
751 3747 785 3807 B.
808 3744 847 3807 G.
863 3747 1001 3808 Weishio
1023 3749 1052 3806 in
1066 3768 1166 3830 progr.

211 3828 252 3887 sic
273 3828 426 3910 inscripto:
458 3829 626 3890 Orationem
654 3831 691 3892 de
719 3832 865 3894 Haloneso
887 3835 1092 3910 Demostheni,
1118 3835 1168 3895 cui

159 3994 160 3998 ἵ
208 3915 296 3996 vulgo
319 3908 516 3994 abiudicatur,
539 3917 679 3996 vindicat,
700 3953 743 3965 -
766 3921 800 3980 B.
824 3921 863 3982 G.
885 3922 952 3999 W,
974 3923 1057 3980 cuius
1080 3943 1171 4003 argu·

208 4015 303 4091 menta
323 4000 449 4063 refutare
470 4018 589 4067 cunnus
605 4020 655 4067 lest
675 4023 791 4090 praeter
806 4002 940 4070 censores
962 4008 983 4068 1.
1004 4008 1172 4071 G.Becke·

674 4115 701 4165 tt·
715 4093 852 4221 Rodum!
861 4096 898 4159 T.
921 4096 944 4156 Ι.
966 4117 997 4177 p.
1017 4099 1078 4159 aia
1103 4094 1171 4182 sq.)
