2594 4672
644 221 801 332 ..V-⁶¹..

204 393 313 477 βαλὼν
332 365 547 479 οἱχμολῶτοος
566 393 697 472 πολίτας
715 389 881 490 ὑμετέροις
902 390 989 485 ᾤχετ’
1009 391 1088 479 ἔχων
1100 391 1242 481 -ὖμεῖς

206 501 234 564 δ’
264 498 334 567 οὔτε
361 503 460 565 scitu
486 497 646 583 ἠδύνασθε
672 495 813 579 notter,
841 497 907 565 ,οὔτ’
935 501 979 575 οἷς
1008 497 1083 576 τοὺς
1105 499 1242 584 χρόνους

24 583 32 647 ι’
132 678 135 683 ¹
205 600 265 678 οὓς
292 601 332 668 ἂν
357 606 526 688 προθῆσθε
552 607 684 691 βοηθεῖν
711 604 760 694 (p.
788 601 861 690 49),
892 599 982 668 unde
1011 601 1129 668 insulis
1161 600 1240 684 illis,

169 726 171 728 ·
204 706 332 771 Lemno
354 722 388 772 et
410 704 539 785 Imbro,
568 729 674 795 quum
704 703 883 772 devastatae
910 730 929 770 a
949 704 1107 798 Philippo
1121 708 1242 774 'essent

206 808 264 877 Ol.
288 808 367 876 CVI
387 832 418 873 a.
439 810 460 876 3
482 831 540 881 seu
560 808 593 892 4,
616 807 761 875 subsidia
781 808 834 893 ab
855 802 1130 891 Atheniensibus,
1159 808 1243 893 licet

204 913 318 995 serius,
335 912 439 1000 missa
458 928 568 982 tamen
582 909 682 978 fuisse
702 911 810 1003 liquet
831 930 864 979 et
885 930 956 979 tum
968 912 1105 1003 quidem
1127 915 1241 995 missa,

205 1039 312 1109 quum
333 1016 438 1082 oratio
470 1002 777 1107 illayperorabatur.
822 1017 932 1098 Quam
960 1015 1003 1082 ob
1024 1038 1104 1094 rem,
1118 1017 1242 1084 Nausi-

203 1117 289 1191 clem
309 1117 529 1212 probabiliter
551 1118 672 1185 dixeris
695 1113 750 1187 Ol.
775 1119 892 1198 CVII,
919 1143 929 1184 1
957 1120 995 1185 in
1017 1119 1170 1186 Imbrum
1191 1118 1243 1187 lea

203 1241 316 1314 gatum
346 1221 495 1314 indeque
524 1224 667 1289 ineunte
695 1218 750 1289 Ol.
783 1223 894 1304 CVII,
921 1247 1130 1297 areversum
1153 1225 1243 1292 Boe·-
1282 1253 1285 1260 ·

203 1325 378 1394 dromione
405 1350 519 1392 mense
546 1326 646 1393 simul
680 1350 757 1395 cum
785 1325 983 1395 Charidemo
1010 1344 1053 1394 et
1085 1327 1240 1397 Diotimo

104 1443 117 1508 j
203 1447 397 1499 coronatum
431 1454 510 1497 esse.
564 1429 633 1498 Sed
654 1429 825 1499 Diodorus.
845 1431 946 1514 XVI,
980 1430 1022 1515 34
1043 1430 1242 1500 Nausieleni

203 1533 449 1617 01.cv11,1
482 1551 560 1616 cum
585 1536 705 1622 Atticis
733 1537 835 1630 copiis
862 1551 937 1625 post
965 1535 1212 1603 Onomarchi
1201 1564 1242 1604 ιιι

99 1629 102 1635 ’
202 1638 381 1709 Thessalia
402 1636 530 1705 cladem
556 1614 692 1738 Phayllo
722 1663 791 1705 esse
817 1636 939 1704 auxilio
961 1640 1099 1705 missum
1121 1639 1237 1722 refert,

136 1762 138 1766 ·
201 1766 270 1836 quo
299 1762 449 1836 tempore
481 1733 580 1810 simul
613 1742 882 1836 progredientem
919 1741 962 1826 ad
990 1743 1240 1836 Thermopylas

199 1846 399 1941 Philippum
441 1846 659 1913 Athenienses
710 1847 833 1936 insigni
878 1845 979 1914 classe
1018 1846 1238 1937 prohibuere.

200 1949 326 2017 Idem
316 1953 418 2041 igitur
437 1973 506 2016 non
527 1967 657 2041 poterat
678 1948 795 2017 eodem
817 1973 904 2016 anno
920 1950 1071 2017 Atticis
1061 1976 1099 2017 ιιι
1123 1953 1236 2021 Imbro

199 2052 328 2121 colonis
350 2051 512 2119 auxilium
532 2052 629 2120 ferre.
673 2054 900 2120 Veruntamen
921 2053 1003 2120 haec
1022 2072 1098 2148 apte
1120 2059 1234 2133 secum
1281 2124 1285 2138 Χ

186 2156 370 2224 ,conciliari
392 2158 536 2249 possint,
565 2158 594 2222 si
616 2155 805 2236 Nausiclem
827 2174 946 2224 aestate
975 2156 1032 2224 Ol.
1064 2158 1160 2240 cvl,
1191 2163 1233 2251 Is,

197 2260 424 2327 Phocensibus
455 2284 554 2353 opem
569 2259 689 2328 tulisse
717 2278 905 2328 statuamus.
951 2262 1040 2328 Tum
1063 2265 1156 2330 enim
1171 2267 1242 2342 ‚ei-¹

197 2383 298 2435 eunte
311 2382 444 2451 aestate
462 2364 518 2431 Ol.
542 2364 648 2446 CVII,
675 2389 686 2430 ι
713 2382 844 2457 poterat
872 2389 891 2432 e
912 2361 1060 2434 Phocide
1080 2366 1235 2460 reuersus

196 2486 254 2536 aut
273 2487 452 2550 revocatus,
474 2473 651 2562 prorogato
673 2469 824 2562 imperio,
847 2469 956 2535 hieme
978 2458 1128 2562 eiusdem
1150 2469 1234 2542 anni

194 2573 242 2638 in·
255 2573 404 2639 Imbrum
426 2571 540 2664 legari,
561 2572 708 2665 indeque
732 2571 788 2640 ol.
812 2571 918 2656 CVII,
940 2574 1256 2660 aBoedromIobb,¹

196 2700 307 2743 annuo
329 2676 463 2766 imperii
485 2677 591 2766 spatio
610 2677 714 2757 finito,
735 2678 881 2744 Athenas
900 2679 1029 2745 reverti.
1075 2677 1117 2745 Id
1138 2681 1235 2774 quod

167 2853 169 2858 ,
195 2779 333 2846 omnino
364 2771 576 2860 statuendum
608 2781 666 2860 sit,
686 2781 731 2855 (si
763 2780 982 2848 Charidemus
1014 2783 1042 2848 is
1078 2786 1139 2876 qdi
1172 2785 1232 2854 Ol.

196 2881 611 2963 cV11,12130ed1·0mi0ne
640 2884 677 2949 in
700 2883 944 2952 Chersonesum
969 2886 1140 2978 profectus
1169 2881 1246 2973 est,

192 3010 230 3052 re
257 3011 332 3053 vera
363 2986 460 3054 Orita
490 3004 547 3054 est
593 2988 750 3074 Ceterum
781 2990 922 3057 nobis
911 3014 949 3055 ιιι
974 2990 1203 3062 rationibus
1188 3018 1229 3059 ιιι

191 3107 370 3192 utramque
391 3110 520 3185 partem
535 3110 686 3160 accurate
703 3094 844 3194 excussis
866 3095 934 3162 iam
946 3093 1228 3188 acquiescendum

190 3181 332 3262 videtur.
437 3241 439 3246 ,
1179 3225 1182 3228 ·

278 3299 348 3364 lam
371 3299 463 3390 quod
490 3262 659 3393 praeterea
684 3271 933 3371 retractandum
960 3321 1126 3394 superest,
1149 3328 1227 3397 gra-

189 3401 261 3468 vius
282 3400 352 3482 illo,
376 3421 409 3470 et
434 3404 528 3497 quod
556 3405 599 3471 ad
625 3407 888 3483 constituendam
915 3406 956 3474 de
985 3407 1227 3529 Pseudepony-

136 3512 138 3519 '
188 3505 262 3575 mis
289 3505 399 3598 deque
431 3509 583 3575 universa
605 3528 906 3605 monumentorum
932 3512 1060 3578 ratione
1089 3514 1228 3604 opinio-

176 3632 267 3675 nem
289 3612 425 3688 maximi
446 3615 607 3680 momenti
629 3616 680 3695 sit,
702 3617 740 3681 in
752 3615 881 3696 duobus
902 3613 970 3682 illis
984 3614 1127 3682 decretis
1149 3641 1228 3684 ver-

188 3714 288 3795 titur,
312 3739 405 3807 quae
436 3718 598 3785 archontis
630 3718 838 3811 Mnesiphili
861 3744 985 3788 nomen
1010 3719 1225 3812 praeferunt3

187 3841 332 3908 quorum
354 3819 492 3887 alterum
513 3846 547 3913 p
571 3824 666 3890 235
655 3840 819 3890 msertnm
841 3842 891 3892 est
911 3826 959 3891 sic
981 3841 1154 3917 tamquam
1175 3823 1227 3892 la-

187 3936 258 3999 tum
280 3947 299 3987 a
322 3923 551 3994 Demosthene.
572 3926 615 3993 sit
647 3924 689 3994 de
710 3926 906 3994 maturanda
934 3927 1119 4022 legatorum
1142 3954 1227 4023 pro-

184 4022 327 4102 sectione
360 4027 403 4095 ad
431 4031 625 4123 exigendum
653 4031 890 4128 aPhilippo
880 4057 932 4099 rus
955 4031 1139 4115 iurandum
1161 4060 1227 4126 pa-
