2594 4672
642 250 652 258 ’“
662 242 699 289 vt

604 319 760 333 ,ιι-υκαι·-

166 387 250 478 rum
277 424 411 502 genere
437 399 653 500 praedicare
680 404 911 501 arrogantius
936 394 1114 492 rideatur,
1130 387 1202 476 ta-

167 551 251 601 men
294 523 470 622 quoniam
509 523 569 595 his
613 522 742 595 studiis
783 525 947 595 omnium
986 519 1202 616 litterarum,

46 642 55 662 ‘
168 671 323 753 quarum
350 646 489 718 auctrix
517 659 554 716 et
579 646 752 757 magistra
770 622 966 742 antiquitas
992 640 1109 732 fuerit,
1136 669 1203 717 or-

166 769 228 844 bis
254 767 443 858 recolitur,
471 771 502 840 si
532 791 606 868 qua
639 767 844 865 antiquitati
871 768 1033 847 Graecae
1060 768 1203 838 Roma-

114 974 115 978 *
165 916 310 991 naeque
344 881 460 962 ¹virtus
488 905 544 961 est
584 888 685 979 data,
718 886 822 974 haud
846 889 941 977 ¹scio
975 912 1022 959 an
1053 913 1128 960 non
1164 890 1203 961 in

168 1039 225 1106 eo,
253 1012 319 1111 qui
347 1026 401 1082 tot
436 1009 716 1110 elegantissimis
748 1008 950 1082 litterarum
986 1012 1204 1108 specimini-

165 1133 257 1225 bus,
294 1146 350 1205 tot
383 1133 522 1230 ingenii
556 1155 776 1231 morumque
813 1129 992 1230 exemplis
1019 1130 1220 1203 intuendis*

166 1253 289 1356 probe
324 1250 577 1343 adsuefactum
603 1278 644 1331 se
668 1252 886 1352 profiteatur
894 1303 921 1345 ,κ
941 1279 1026 1327 curn
1049 1235 1204 1328 maxime

163 1377 329 1476 quisque·
350 1369 432 1445 iure
443 1371 716 1448 humanitatem
733 1371 832 1448 illam
849 1366 1012 1474 quaerat,
1037 1377 1074 1446 in
1092 1376 1204 1474 quam

46 1583 49 1590 ¹
157 1491 299 1583 ‘omnes
325 1493 466 1568 litteras
492 1495 645 1569 tendere
674 1511 709 1569 et
736 1510 952 1569 concurrere
980 1493 1098 1568 decet.
1207 1510 1213 1516 ·

160 1615 193 1661 ·-’
230 1668 233 1673 -
272 1615 386 1712 Quod'
398 1617 552 1718 quidem
568 1619 793 1717 antiquitatis
812 1615 1023 1706 studiorum,
1041 1611 1206 1688 auctori-v

125 1727 127 1732 ’
162 1730 346 1824 'tatesan'a
363 1753 401 1809 et
426 1732 667 1834 amplitudine
697 1739 815 1837 magis
841 1761 941 1839 nnnc
967 1762 1080 1838 quam
1107 1739 1206 1828 olim,

130 1851 133 1887 ³
164 1840 406 1933 humanitatis
428 1852 588 1930 fortasse
612 1854 811 1931 non'item
832 1859 1045 1932 florentium
1077 1858 1205 1959 gloria,
1227 1875 1229 1881 ’

164 1979 285 2053 decus
312 1978 402 2050 olim
414 1974 640 2062 concessum
655 1997 691 2052 et
712 1979 968 2068 concreditum
984 1982 1092 2054 etiam
1110 1983 1206 2054 nuuc

161 2099 446 2202 'quodammodo
472 2103 593 2199 repeti
611 2100 933 2202 eisvindicarique
947 2115 1072 2201 posse,
1101 2105 1207 2175 cuius

165 2242 230 2296 me
256 2212 419 2322 quid'e'm‘
437 2226 553 2320 magis
581 2248 692 2322 quam
713 2226 845 2313 Tuum,
871 2223 1049 2317 Boeckhi,
1077 2249 1208 2296 exem-

169 2336 275 2444 plum
309 2342 488 2416 edoceat?
541 2347 661 2438 Quam
695 2346 793 2432 enim
819 2347 877 2418 Tu
911 2370 996 2419 cum
1029 2329 1208 2427 doctrina.

91 2452 94 2462 ’
169 2488 244 2566 qua
270 2462 370 2565 apud
405 2480 534 2538 omnes
567 2481 752 2564 praestas,
784 2467 1006 2565 singularem
1030 2465 1209 2539 humani-

61 2574 63 2579 ’
164 2592 282 2659 tatem
318 2590 540 2684 coniungas,
566 2590 690 2658 norint
717 2584 867 2684 quidem
883 2579 1127 2686 'omnes,'qui
1154 2590 1210 2660 Te

171 2709 385 2806 cognorint3
414 2722 484 2805 ego
502 2700 602 2779 ¹vero
628 2723 767 2781 tantam
784 2688 821 2778 in
838 2711 892 2780 Te
918 2710 1042 2805 reperi
1066 2732 1145 2779 earn
1173 2724 1210 2780 et

170 2834 344 2927 expertu's
370 2852 463 2919 sum,
490 2843 531 2899 ut
557 2826 607 2900 ad
633 2826 821 2927 publicam
843 2829 989 2926 pietatis
1016 2853 1120 2917 meae
1148 2845 1210 2908 te-

147 2939 430 3053 stificationem
457 2950 646 3022 acerrimis
673 2949 831 3022 stimulis
845 2953 919 3032 iam
936 2947 1079 3022 dudum
1100 2972 1210 3024 com-

166 3064 336 3145 movear.
388 3073 518 3171 Neque
552 3094 641 3145 vero
676 3097 775 3144 nunc
810 3073 1052 3143 remotiorum
1086 3071 1225 3146 bene-.

166 3193 346 3267 ficiorum
373 3195 544 3291 quamvis
568 3194 810 3293 gratissimam
834 3173 1128 3265 recordationem
1144 3220 1211 3267 re-

164 3329 305 3415 petere
321 3316 441 3406 iuvat,
470 3338 566 3412 quae
594 3337 706 3413 quum
733 3329 817 3386 ante
832 3312 904 3385 hos
931 3311 1073 3412 aliquot
1095 3339 1211 3388 annos

166 3435 401 3536 antiquitatis
441 3428 568 3507 studiis
611 3458 765 3535 operam
807 3433 969 3508 Berolini
1018 3437 1211 3531 natabam,

172 3555 243 3631 abs
277 3558 332 3630 Te
366 3553 500 3631 collata
527 3557 571 3627 in
605 3580 666 3629 mc
697 3542 964 3629 humanissime
987 3571 1084 3630 sunt.
1137 3563 1211 3632 Su-

173 3676 281 3778 perat
315 3670 600 3753 novissimorum
635 3677 839 3751 officiorum
880 3680 1045 3751 Tnorum
1079 3703 1210 3754 recens

166 3818 246 3873 *nec
279 3792 458 3900 umquam
493 3797 758 3900 exstinguenda
791 3802 986 3892 memoria,
1014 3803 1118 3874 cuius
1145 3803 1209 3898 pio

174 3916 297 3992 animo
324 3918 546 3995 recolendae
572 3923 692 4020 ipsrnn
718 3920 794 3992 hoc
821 3945 918 4020 opus
943 3944 1079 4010 mcum,
1107 3918 1212 4018 quod

172 4044 332 4143 primum
367 4066 466 4116 nunc
499 4045 536 4115 in
570 4042 703 4142 vulgus
732 4041 869 4135 emitto,
898 4045 1212 4143 opportunitatem
