2594 4672
613 256 678 319 102

126 426 315 493 Phalaecus
342 419 462 489 tradita
495 419 666 490 Phocide
683 420 829 489 liberum
856 420 922 490 sihi
956 445 985 486 a
1008 420 1171 514 Philippo

127 528 307 603 discessum
342 542 456 617 pactus
496 527 547 592 sit.
608 526 785 617 Inopinata
823 541 934 594 autem
963 523 1027 590 hac
1056 548 1172 594 rernm

128 632 342 700 conversione
364 630 558 722 perterritos
580 626 801 694 Athenienses
832 616 1045 694 decretum
1076 627 1172 697 Cel·
1199 693 1201 697 ,

124 735 327 803 listhenis
358 731 417 819 (de
447 757 515 803 cor.
543 757 578 824 p.
609 734 686 822 238)
717 733 759 799 de
786 731 934 799 excubiis
963 731 1110 825 fugaque
1131 759 1172 801 ex

129 841 215 933 agris
256 835 458 930 capessenda
499 829 714 906 confirmasse
753 851 893 904 testatur
930 837 1172 907 Demosthenes

124 973 158 1011 π.
183 967 322 1028 repono.
345 966 379 1032 p.
404 941 466 1008 368
491 949 527 1010 et
546 943 619 1030 3779.

136 1074 139 1085 ¹
212 1045 350 1109 Annum
371 1066 459 1123 vero,
483 1067 552 1135 quo
574 1043 659 1110 facta
689 1044 758 1118 sint
787 1042 889 1123 haec,
910 1042 1096 1134 Aeschines
1116 1068 1169 1110 ac·

77 1157 79 1161 ’
126 1164 240 1215 curate
263 1145 409 1214 definit.
436 1145 726 1214 Themistocle
749 1146 840 1212 enim
861 1145 1032 1227 archonte,
1056 1149 1167 1232 aiclin

76 1292 78 1296 ι
128 1251 215 1318 Ctes.
238 1275 272 1343 p.
295 1250 363 1340 62),
388 1250 648 1318 Demosthenem
670 1252 871 1318 senatoriam
888 1249 1172 1341 dignitatemson

127 1357 225 1422 titum
248 1378 328 1436 esse,
352 1372 385 1421 et
405 1353 496 1420 haud
511 1354 611 1446 longe
625 1372 702 1448 post
714 1352 940 1421 Philocratem
960 1353 1172 1437 de-creandis

126 1458 170 1527 ad
200 1457 401 1552 Philippumv
425 1459 522 1552 vpacis
558 1484 655 1526 causa
688 1457 806 1551 legatis
840 1457 1011 1525 decretum
1046 1460 1171 1529 tulisse.

14 1625 17 1629 .
126 1561 268 1656 Reliqua
289 1581 418 1647 autem,
451 1587 535 1656 quae
556 1565 730 1630 subsecuta
752 1581 845 1644 sunt,
874 1561 957 1629 dum
979 1564 1171 1654 agebantur,

125 1668 367 1736 Demosthenes
389 1668 555 1735 senatoria
581 1665 746 1763 dignitate
775 1667 986 1758 fungebatur.
1032 1667 1174 1736 Senator

34 1827 36 1831 ι
127 1770 300 1840 decretum
329 1769 408 1839 tulit
435 1769 480 1836 de
501 1773 701 1839 maturando
731 1771 959 1862 legatorum
949 1773 1073 1837 ttinere
1098 1775 1172 1842 Mu-

126 1876 304 1967 nychionis
336 1858 397 1941 III.
443 1875 541 1940 Dem.
574 1903 607 1942 π.
631 1901 770 1964 repone.
798 1901 834 1969 Ρ.
863 1866 945 1965 389.
969 1875 1012 1942 de
1040 1876 1108 1945 cor'.
1135 1902 1169 1968 p.

128 1983 210 2062 233,
233 1981 308 2048 235.
354 1976 448 2044 Idem
476 1978 641 2070 proedrus
674 1977 751 2060 fuit,
783 2003 851 2072 quo
874 1979 929 2045 die
951 1982 1034 2047 socii
1055 2005 1173 2073 pacem

71 2088 78 2099 ‘
128 2081 205 2150 cum
229 2079 388 2175 Philippo
411 2083 562 2148 initam
543 2106 626 2148 oure
648 2081 789 2149 iurando
818 2084 1074 2166 confirmabant,
1099 2085 1173 2153 Ela-

125 2186 340 2281 phebolionis
364 2184 567 2253 dieXXlII.
602 2187 722 2253 Aesch.
752 2189 789 2253 in
813 2187 900 2256 Ctes.
923 2213 956 2280 p.
980 2189 1033 2274 64.
1056 2212 1090 2257 π.
1112 2216 1169 2275 no-

127 2318 223 2382 ραπρ.
245 2316 281 2386 Ρ.
304 2293 370 2381 39ιΙ
401 2291 503 2356 Unde
518 2314 725 2382 consequens
749 2310 808 2373 est,
830 2309 868 2357 ut
883 2293 994 2358 omnia
1016 2317 1064 2374 ea,
1089 2293 1178 2384 quae‘

125 2396 229 2493 modo
274 2396 519 2477 enarravimus,
548 2419 654 2486 nsque
677 2394 721 2463 ad
742 2398 954 2462 Piraeensem
976 2396 1073 2463 illam
1097 2423 1173 2466 con-

106 2569 110 2577 ,
128 2502 272 2584 cionem,
294 2524 363 2568 uno
386 2502 454 2568 sint
469 2498 655 2591 eodemque
672 2523 759 2568 anno
776 2500 870 2580 facta,
893 2501 994 2568 idest
1017 2501 1067 2568 Ol
1071 2528 1169 2596 ymp.

129 2605 263 2673 CVIII
292 2629 397 2672 anno
428 2603 628 2686 secundo,
663 2607 755 2671 cuius
786 2605 910 2672 archon
948 2616 1047 2699 epon.
1082 2610 1171 2675 The-

59 2771 60 2774 ,
126 2709 295 2776 mistocles
308 2707 382 2775 fuit.
427 2706 624 2800 Eodemque
641 2709 799 2775 archonte
814 2709 954 2802 Dionys.
969 2709 1044 2776 Hal.
1067 2713 1171 2804 (epist.
1188 2754 1203 2788 t

127 2812 172 2879 ad
194 2813 309 2885 Amm.
328 2813 358 2903 5.
385 2819 454 2896 ιι),
478 2812 573 2879 euius
596 2815 769 2879 auctoritas
794 2804 900 2906 aeque
923 2839 961 2880 ac
983 2813 1173 2883 Philochori

127 2916 226 3000 valet,
249 2919 379 3012 quippe
403 2924 503 3009 quem
523 2916 562 2982 in
583 2916 637 2984 his
641 2918 779 3010 ubique
802 2936 878 2984 ante
892 2917 1006 3003 oculos
1020 2920 1174 2988 habuisse

28 3008 30 3012 ¹
128 3021 293 3105 videatur,
313 3044 434 3116 pacem
455 3020 616 3114 Philippo
647 3045 725 3088 cum
747 3021 1010 3091 Atheniensibus
1039 3048 1175 3118 compo·

23 3123 27 3146 ¹
129 3127 226 3194 sitam
249 3149 318 3194 esse
339 3125 452 3194 refert.

150 3231 266 3299 Ut
301 3228 381 3300 vero
414 3231 523 3299 omnis
556 3252 595 3298 ea
626 3230 670 3298 dc
702 3254 747 3297 re
772 3229 935 3323 dubitatio
967 3223 1175 3326 p1olligetur,

130 3357 237 3402 unum
266 3324 449 3403 alterumve
472 3332 594 3402 adhuc
623 3333 748 3402 liceat
751 3339 911 3430 temporis
941 3336 1059 3404 afferre
1085 3338 1177 3405 indi-

92 3454 94 3459 “
130 3440 300 3505 oiumn-
259 3437 576 3520 -Demosthenes,
599 3463 704 3530 quum
726 3463 803 3507 cum
830 3440 930 3508 altera
952 3440 1178 3532 legationem

132 3538 369 3612 Macedoniam
391 3559 476 3610 esset
495 3542 676 3635 profectus,
697 3547 891 3636 promisisse
913 3545 989 3612 illic
1011 3547 1077 3613 sihi
1100 3538 1178 3612 Phi-

31 3642 35 3647 *
128 3646 267 3742 'lippum
287 3646 400 3729 refert,
423 3648 568 3743 captivos
589 3649 829 3730 Athenienses,
858 3651 980 3743 quibus
1007 3646 1178 3717 redimenss

127 3746 185 3817 'dis
212 3763 380 3817 summam
409 3750 650 3820 Demosthenes
684 3754 720 3818 in
750 3751 915 3844 legatione
950 3753 1010 3822 illa
1040 3778 1179 3846 operam

127 3855 250 3938 dabat,
293 3853 381 3922 velle
411 3861 447 3922 se
482 3856 526 3922 ad
555 3853 795 3951 Panathenaea&
816 3857 964 3925 Athenas
997 3861 1177 3925 remittere.

133 3959 235 4044 Dent,
255 3989 287 4057 ιι.
310 3958 450 4048 somno.
473 3985 509 4053 p.
532 3960 606 4054 394.
652 3963 809 4045 Quamvis
828 3964 874 4029 rin
903 3965 956 4030 his
980 3963 1180 4053 Demosthe-

134 4089 193 4139 nes
215 4081 459 4135 nonaceurate
481 4067 694 4160 expresserit,
725 4068 958 4136 Panathenaea
987 4092 1107 4160 magua
1129 4089 1179 4131 es-
