2580 4680
576 249 732 353 2⁹2..

139 420 268 489 ridemo
292 417 543 512 disputabimus.
591 415 850 501 Quamobrem
874 437 917 480 ne
931 402 1077 482 Phocion
1101 414 1176 505 qui-

141 524 217 591 dem
257 547 334 589 cum
376 521 630 589 Atheniensium
659 518 814 586 subsidiis
843 520 994 585 Persicae
1021 516 1175 584 adversus

141 626 342 697 Salaminem
374 624 576 715 expeditioni
604 623 807 704 interfuisse,
835 621 893 689 se‘d
923 621 1012 690 solus
1038 640 1178 714 propter

103 752 106 756 ·
141 731 390 824 imperatoriam
403 785 407 794 .
420 727 562 819 gloriam
603 729 758 793 invitatus
797 726 958 819 classique
994 725 1178 817 praefectus

141 834 273 902 videtur
307 849 341 899 et
361 833 592 912 mercenariis,
615 830 750 898 fortasse
773 829 926 911 Graecis,
949 853 1032 921 quos
1054 834 1180 897 condu-

142 951 229 1021 xerat
252 934 382 1001 ldrieus
404 934 589 1002 secundnm
610 931 751 1001 Diodor.
772 931 795 998 l.
818 957 847 999 c.

103 1030 107 1037 ’
229 1036 357 1101 Verum
381 1032 583 1101 concedatur
604 1034 701 1114 licet,
728 1035 826 1101 missa
854 1035 1009 1102 adversus
1039 1033 1181 1103 Salami-

144 1164 221 1219 nem
251 1137 413 1229 Cypriam
439 1136 694 1203 Atheniensium
724 1139 822 1202 etiam
850 1137 995 1204 subsidia
1025 1162 1110 1222 esse,
1143 1163 1180 1204 ea

146 1260 233 1310 certe
256 1239 444 1332 expeditio,
478 1263 564 1331 quae
587 1240 763 1332 posteriori
787 1239 920 1311 decreto
944 1264 1183 1309 commemora-

146 1364 209 1427 tur,
232 1368 310 1411 cnm
332 1341 399 1409 illis
421 1342 564 1411 conferri
585 1343 724 1408 minime
738 1361 856 1433 potest.
900 1346 989 1411 Tum
1011 1348 1102 1410 enim
1124 1345 1184 1411 de-

147 1469 233 1519 creta
256 1445 431 1514 reserenda
453 1464 561 1514 essent
581 1444 624 1513 ad
646 1443 924 1515 Boedromionem
947 1446 1002 1516 Ol.
1021 1447 1128 1530 evil,
1151 1451 1182 1518 3.

150 1555 277 1638 Quibus
313 1568 475 1641 quantum
517 1568 549 1616 et
585 1549 813 1616 Panathenaea
843 1551 966 1644 Magna
995 1569 1184 1644 repugnent

150 1676 184 1727 et
202 1653 368 1723 Nausiclis
394 1656 431 1720 in
454 1653 604 1720 lmbrum
626 1651 814 1745 expeditio,
846 1676 885 1720 ex
915 1654 1184 1724 antecedentibus

151 1760 266 1855 liquet.

236 1867 340 1933 Porro
363 1864 422 1957 qni
445 1861 648 1931 Salaminem
671 1861 836 1944 audiebat,
866 1886 936 1931 non
963 1880 1094 1957 poterat
1114 1887 1185 1933 non

152 1969 194 2036 de
214 1970 321 2036 deins
344 1966 456 2034 insula
486 1970 638 2058 cogitare.
685 1967 722 2034 Si
753 1970 857 2060 igitur
884 1968 1048 2060 expeditio
1071 1967 1186 2036 adver-

151 2097 205 2140 tus
236 2072 342 2164 Cypri
379 2070 582 2139 Salaminem
618 2071 838 2162 significanda
872 2073 1001 2154 luisset,
1035 2071 1188 2142 additum

112 2166 121 2180 ’
151 2195 355 2270 exspectares
382 2179 425 2251 εἴς
460 2180 623 2258 Σαλαμῖνα
655 2176 868 2272 Κύπρου.’)
922 2177 1041 2270 Neque
1073 2179 1188 2246 verisi-

151 2280 232 2346 mile
259 2298 323 2360 cst,
350 2302 513 2370 pugnam,
551 2302 634 2369 quae
664 2280 702 2343 in
737 2277 919 2346 obsidenda
947 2280 1031 2346 urbe
1061 2281 1188 2374 Cypria

153 2387 327 2454 commissa
349 2382 479 2459 fuisset,
503 2406 542 2446 ex
564 2380 701 2472 parvulo
723 2380 784 2450 illo
807 2383 928 2465 fluvio,
960 2383 1019 2475 qui
1048 2382 1189 2451 Salami-

152 2514 232 2555 nem
269 2486 526 2579 praeterfluebat
558 2486 602 2573 (v.
633 2509 733 2576 supra
760 2512 794 2579 p.
829 2486 898 2573 64),
928 2489 1096 2554 nominari
1124 2511 1187 2581 po-

152 2598 261 2660 tuisse.
308 2592 413 2657 Immo
427 2586 565 2684 quamsi
589 2589 773 2674 ποταμός,
798 2593 919 2657 omisso
932 2593 1079 2674 nomine,
1101 2615 1188 2658 non-

153 2699 217 2763 nisi
243 2714 358 2762 notum
378 2696 503 2760 flumen
521 2695 629 2760 vocari
644 2695 798 2786 potuerit,
820 2696 877 2780 τὴν
898 2699 954 2762 lul
976 2703 1045 2763 τοῦ
1067 2723 1190 2764 ποτα-

151 2808 225 2884 μοῦ
245 2801 350 2884 μάχην
372 2799 414 2865 ad
435 2800 580 2865 vicinum
604 2798 714 2864 locum
735 2801 871 2866 omnino
894 2824 963 2867 esse
977 2801 1190 2869 referendum

152 2922 253 2996 patet.
290 2904 389 2985 Quod
402 2926 479 2969 sane
493 2927 563 2969 nou
579 2902 720 2993 quadrat
731 2904 797 2969 nisi
809 2900 851 2968 ad
865 2903 1000 2969 fluvium
1011 2905 1189 2988 Bocaliam,
1252 2894 1258 2903 ’

154 3010 213 3101 qui
236 3005 437 3087 Salaminem
459 3009 616 3072 Atticam.
635 3007 845 3073 interfluebat
872 3014 913 3089 (v.
943 3032 1043 3098 supra
1065 3034 1098 3101 p.
1121 3011 1190 3099 63).

155 3114 205 3178 Ita
232 3135 268 3175 ex
298 3109 427 3175 duabus
463 3113 603 3202 pugnis,
642 3134 726 3201 quae
757 3108 886 3176 cladem
922 3111 1190 3179 Chaeronensem

153 3232 402 3305 praecesserant
424 3215 481 3280 Ol.
506 3213 587 3292 CX,
617 3216 636 3280 3
660 3216 706 3280 in.
716 3262 727 3293 ,
755 3211 855 3279 altera
883 3214 931 3284 inl
960 3222 1103 3302 ποταμοῦ
1134 3241 1192 3284 νο-

155 3338 249 3386 catur
287 3317 345 3402 (de
388 3343 454 3386 cor.
496 3344 530 3411 p.
571 3320 661 3400 300),
705 3315 798 3409 quod
836 3316 878 3383 ad
916 3317 1001 3384 fines
1036 3320 1192 3388 Boeotiae

156 3501 236 3513 *ω
327 3503 466 3513 -------.-

203 3618 225 3693 ’)
247 3620 361 3677 Dixeris
391 3621 473 3678 etiam
502 3616 561 3678 ἐπὶ
588 3617 680 3694 Σαλ.,
714 3622 829 3702 qnippe
861 3641 919 3680 non
947 3620 1114 3680 Salaminem
1146 3617 1198 3677 sed

244 3705 379 3764 adsersus
400 3706 579 3778 Salaminem,
602 3706 655 3765 scd
677 3723 834 3767 occurrunt
856 3708 941 3768 etiarn
969 3700 1120 3777 ἐπιδόσεις
1146 3703 1200 3776 εἰς

237 3786 396 3850 Ὄλυνθον
407 3814 453 3872 ap.
464 3795 550 3854 Dent.
562 3791 635 3851 olid.
659 3817 688 3875 p.
711 3794 785 3869 566,
809 3794 859 3854 ubi
882 3794 1046 3876 largitiones
1056 3792 1093 3852 ad
1110 3814 1199 3874 expe·

244 3878 380 3936 ‹litioucrn
402 3877 708 3958 adversusOlynthum
723 3881 933 3961 suscipiendam
955 3881 1074 3963 intelligi
1096 3895 1200 3961 sponte

247 3979 329 4043 ,seirat
377 3965 423 4022 Sic
445 3969 545 4024 etiam:
575 3961 825 4047 Πελοποννήσιοι
858 3962 1064 4048 ἐστράτευσαν
1091 3965 1122 4038 ἐς
1143 3961 1201 4049 τὴν

239 4043 378 4128 ,Ἀττικήν
399 4073 443 4133 ap.
467 4051 561 4111 Thus.
585 4050 635 4130 ut,
661 4076 688 4116 a.
