2580 4680
302 573 963 723 Epilogus.x

59 766 89 824 in
119 783 177 846 quo
207 777 452 823 monumentorum
468 749 666 849 publicorum,
692 787 766 848 quae
789 767 917 824 orationi
935 765 971 824 de
994 784 1102 826 corona

10 920 16 934 ,
102 868 212 928 inserta
240 881 324 945 sunt,
352 869 489 928 uniuersa
518 870 594 930 ratio
623 868 804 952 conditioque
833 869 1020 953 exploratur,
1051 895 1101 930 ar·

103 968 234 1044 cltontes,
257 991 329 1053 quos
342 971 539 1055 praefluunt,
561 971 807 1056 pseudeponymi,
836 973 907 1056 quid
926 971 983 1032 sili
999 974 1101 1052 uelint,

102 1076 274 1159 inquiritur,
295 1075 382 1134 simul
406 1097 480 1158 quae
502 1074 701 1156 autambigue
723 1091 775 1135 aut
796 1080 888 1136 minus
900 1077 1033 1160 pliciter
1052 1101 1102 1137 su·
1124 1117 1127 1125 ·

95 1201 157 1263 pra
180 1178 386 1262 disputavimus
407 1193 621 1250 retractantur,
643 1181 673 1238 in
687 1181 793 1264 premis
815 1201 862 1250 ea,
884 1204 957 1265 quae
973 1182 1009 1241 de
1029 1182 1102 1241 duo·

101 1281 154 1342 bus
176 1281 292 1342 Calliae
314 1282 437 1342 decretis
458 1281 514 1360 (de
535 1305 594 1344 cor.
610 1307 645 1367 p.
668 1286 764 1362 2⁶5),
787 1285 876 1368 deque
898 1284 1100 1346 Demosthenis

102 1387 219 1447 decreto
241 1385 289 1470 (p.
311 1389 408 1465 235),
430 1387 499 1447 rtem
520 1387 557 1446 de
579 1385 765 1448 Callisthenis
786 1387 831 1472 (p.
856 1392 956 1467 238),
979 1388 1100 1474 denique

102 1491 139 1551 de
153 1489 391 1575 pseudeponymo
413 1493 503 1552 Nicia
530 1494 561 1550 in
588 1493 759 1569 testimonio,
780 1493 861 1576 quod
880 1506 978 1552 exstat
998 1516 1039 1552 or.
1063 1495 1099 1552 de

103 1616 161 1656 eor.
175 1619 211 1679 p.
235 1600 310 1673 273,
333 1597 364 1655 in
385 1593 575 1681 superioribus
597 1598 663 1657 us'sa
684 1594 766 1657 nolis
787 1612 854 1657 sunt
876 1612 906 1656 et
927 1611 1049 1657 statuta.

145 1798 186 1865 In
207 1795 289 1864 libri
311 1798 410 1865 huius
437 1793 630 1892 prooemio,
659 1793 836 1892 exploratis
862 1813 1100 1891 rerumgesta·

60 1923 138 1966 rum
158 1903 365 1995 temporibus
386 1920 538 1970 acturum
559 1928 629 1971 esse
651 1927 706 1970 mc
728 1902 799 1970 dixi
822 1903 865 1970 de
882 1903 1099 1971 'archontibus

60 2005 111 2086 iis,
133 2007 204 2099 qui,
228 2005 321 2098 quod
343 2031 598 2100 eponymorum,
621 2033 661 2075 ex
683 2007 804 2102 quibus
828 2007 995 2100 designari
1008 2006 1101 2101 apud

58 2109 280 2177 Athenienses
302 2113 382 2178 anni
404 2112 567 2193 solebant,
596 2115 744 2206 speciem
766 2137 847 2205 prae
869 2113 1050 2194 scierant,
1080 2138 1100 2179 a

57 2213 219 2282 fastorum
240 2232 352 2281 tamen
382 2216 556 2306 eponymis
578 2240 715 2307 prorsus
736 2215 940 2296 dissentiant,
962 2223 1101 2284 nomine

59 2317 380 2386 aCorsinoinvento
390 2317 658 2411 pseudeponymi
679 2317 777 2408 vulgo
799 2337 968 2386 vocantur.
1003 2322 1100 2385 Eius-

55 2421 152 2490 modi
179 2423 270 2490 enim
300 2423 490 2506 archontes,
522 2446 591 2490 uno
614 2440 768 2514 excepto,
800 2447 902 2513 quem
923 2422 1100 2490 Aeschinis
1157 2432 1160 2440 '

57 2528 224 2595 accusatio
246 2525 401 2618 praefert,
423 2549 539 2593 omnes
561 2550 616 2594 eos
639 2550 708 2593 esse
721 2524 1015 2618 deprehendimus,
1038 2525 1100 2619 qui
1122 2591 1125 2598 .

56 2633 181 2700 tabulis
202 2630 363 2724 publicis,
392 2633 534 2698 orationi
556 2631 599 2698 de
621 2654 745 2699 corona
767 2633 915 2713 insertis,
937 2631 1102 2723 praescri·

54 2739 108 2829 pti
128 2752 218 2818 sunt,
239 2735 383 2830 perinde
405 2761 443 2803 ac
463 2737 493 2802 si
523 2759 659 2803 revera
686 2737 781 2803 annis
813 2734 1025 2827 designandis
1048 2737 1101 2802 in-

56 2842 211 2910 serviant
255 2841 369 2933 Atque
391 2842 429 2907 in
451 2841 502 2907 his
523 2843 733 2934 potissimum
755 2864 794 2907 ex
816 2843 965 2908 oratione
987 2858 1101 2905 nostra

54 2947 172 3037 petitis
194 2963 342 3012 versatur
373 2947 521 3037 quaestio
549 2943 592 3011 de
620 2945 903 3038 pseudoponymis
930 2943 1100 3023 universis,

56 3073 143 3141 qnos
173 3046 218 3114 ad
238 3073 404 3116 annorum
433 3051 554 3116 seriem
582 3046 717 3140 collegit
743 3046 997 3141 exploravitque
1020 3052 1102 3112 Cor-

55 3157 151 3220 sinns
173 3152 214 3235 (F
216 3203 225 3218 .
247 3155 288 3220 Α.
311 3153 389 3222 diss.
412 3153 518 3237 VIII),
541 3157 669 3246 quippe
691 3153 752 3244 qui
780 3168 812 3217 et
833 3150 990 3243 plerique
1012 3150 1101 3216 inter

56 3281 114 3326 eos
136 3257 222 3337 siut,
255 3275 288 3324 et
314 3255 496 3348 grai-issimi
526 3281 564 3324 ca
594 3256 636 3323 de
665 3279 762 3322 causa
783 3253 971 3335 videantur,
1008 3248 1102 3346 quod

56 3363 126 3430 siut
146 3363 228 3428 actis
250 3360 393 3452 publicis
421 3359 618 3430 confirmati.
668 3359 785 3449 anue
814 3358 963 3450 quaestio
990 3382 1102 3449 aeger-

56 3468 145 3533 rime
166 3465 349 3558 pIerosque
370 3468 457 3535 viros
481 3463 595 3531 doctos
618 3463 808 3555 torquebat,
832 3481 865 3530 et
884 3479 987 3554 prout
1009 3463 1102 3554 quis·

59 3590 128 3660 que
156 3568 200 3635 de
229 3570 427 3638 archontum
454 3566 589 3662 illorum
623 3583 727 3635 aetate
761 3568 937 3650 statuebat,
954 3565 1027 3632 -alii
1064 3568 1102 3631 in

57 3670 159 3739 aliam
196 3671 238 3738 dc
274 3673 315 3740 iis
352 3674 547 3767 opinionem
575 3671 799 3739 trahebantur.
852 3673 958 3737 Erant
990 3669 1102 3761 igitur,

57 3778 119 3869 qui
148 3800 204 3844 eos
234 3795 364 3843 senatus
387 3780 542 3870 epistates
564 3780 794 3869 opinarentm·‚
817 3776 877 3866 qui
900 3773 1103 3840 thesmuthe·

58 3898 106 3953 tas
135 3904 270 3971 regesve
297 3898 355 3948 aut
374 3880 622 3972 polemarchos,
654 3881 800 3973 denique
832 3880 891 3971 qui
920 3899 1104 3969 eponymo·

56 4009 137 4053 rum
158 3984 320 4052 suffectos.
366 3985 513 4067 Quarum
541 3987 742 4078 opinionum
771 4008 877 4077 quum
906 3981 990 4049 mihi
1012 3975 1104 4044 nulla

56 4091 137 4161 satie
158 4089 330 4159 videretur
350 4086 544 4181 probabihs,
572 4087 614 4156 de
636 4090 799 4159 universis
820 4082 1104 4182 psaudcpouymis

739 4195 809 4269 19*
