2594 4672
559 264 715 367 jas-

123 436 258 514 firmant
279 453 315 527 er
337 449 429 522 parte
452 433 698 527 inscriptiones,
723 431 991 525 confirmatipsc
1008 423 1167 530 'denique

122 537 320 603 Aeschines:
351 532 620 626 Theophrastum
653 536 677 600 l.
712 535 757 615 c.,
792 535 1056 604 Themistoclem
1092 541 1167 624 (Ol.

29 685 32 688 <
124 640 254 721 CVIII,
286 646 318 722 2)
347 663 381 730 p.
408 640 450 706 62
482 640 602 719 med,
621 639 854 705 Chaerondam
876 639 943 723 (01.
969 640 1047 722 CX,
1072 646 1107 728 3)
1129 671 1167 738 p.

123 747 164 834 57
198 761 279 810 extr.
310 743 369 809 'At
391 761 557 835 quotquot
584 734 664 809 actis
692 745 835 810 orationi
863 745 904 810 de
935 768 1002 811 cor.
1026 748 1178 817 insertis·

122 847 295 914 archontes
315 847 542 928 inveniuntur,
565 870 631 913 uno
657 845 853 932 Chaeronda
876 860 1012 939 excepto
1036 853 1072 915 in
1098 853 1167 920 Ae-.

111 937 247 1019 schinis
276 949 409 1032 libello,
442 973 510 1040 quo
546 950 799 1042 Ctesiphontem
830 954 1009 1033 accusavit,
1046 979 1166 1024 omnes

123 1050 252 1121 abillis
276 1055 412 1120 omnino
436 1052 630 1133 abhorrent,
665 1053 756 1145 quod
786 1070 873 1120 certe
901 1046 977 1120 casu
1004 1057 1081 1125 fieri
1106 1085 1168 1128 ne-

123 1181 291 1250 quaquam
313 1157 432 1248 potuit,
455 1155 600 1246 ideoque
611 1154 835 1224 Schoemanni
850 1144 1001 1250 opinioni
1017 1164 1169 1230 maxime

54 1343 56 1347 μ
124 1267 237 1328 obstat.
282 1259 351 1327 Sed
378 1259 460 1333 haee
490 1284 508 1323 a
536 1259 633 1326 nobis
670 1285 740 1329 non
775 1279 853 1328 sunt
888 1259 1018 1352 longius
1051 1289 1170 1355 perse-

123 1363 266 1456 quenda.
311 1363 568 1429 Accuratissime
601 1366 692 1429 enim
722 1383 755 1431 et
774 1365 862 1432 hanc
889 1382 922 1431 et
949 1366 1097 1434 aliorum
1119 1373 1170 1438 vi-

121 1492 238 1535 rorum
259 1466 434 1536 doctorum
456 1468 632 1558 opiniones
662 1471 856 1536 examinavit
876 1469 1063 1556 Bocchhius
1088 1472 1112 1539 l.
1137 1499 1167 1542 e.

121 1598 154 1664 p.
182 1597 220 1662 ¹7
243 1597 293 1663 sq.

159 1767 161 1771 Ι
210 1678 303 1759 Quae
326 1699 431 1766 quum
453 1676 499 1739 ita
521 1677 603 1756 sint,
628 1699 732 1766 quum
761 1675 932 1742 archontes
967 1678 1023 1744 isti
1054 1703 1167 1773 neque

122 1781 283 1873 eponymi
305 1780 389 1858 sint,
412 1801 475 1843 nec
504 1802 749 1871 eponymorum
776 1779 917 1859 suffecti,
940 1781 1166 1852 nihilominus

123 1883 166 1949 ad
194 1907 298 1950 annos
330 1880 504 1948 manifesto
536 1875 757 1974 designandos
772 1956 775 1961 ,
793 1881 933 1950 decretis
963 1889 1164 1979 praescripti

123 1991 201 2068 sint,
224 1986 370 2078 denique
386 1979 498 2076 ,quu'm
519 2008 562 2049 ne
584 1986 657 2051 vitii
688 1984 826 2077 quidem
852 1989 1045 2055 nominibus
1074 1989 1163 2058 allati

121 2089 191 2157 ulla
212 2090 343 2183 possint
363 2087 499 2178 vestigia
521 2085 739 2179 deprehendi,
763 2092 869 2157 errori
892 2113 947 2157 eos
970 2091 1084 2158 deberi
1099 2104 1160 2185 pass

124 2213 181 2277 tet,
203 2215 273 2262 non
294 2194 446 2285 pristinis
468 2187 725 2258 Atheniensium
738 2194 909 2260 institutis.
937 2197 1067 2288 Atque
1088 2199 1159 2289 ipsa
1186 2221 1193 2231 ·

124 2317 214 2374 certe
235 2299 336 2366 etiam
357 2296 463 2364 forma
469 2346 479 2377 ,
508 2321 575 2388 qua
596 2298 794 2390 praescripti
823 2296 963 2365 decretis
986 2303 1042 2367 isti
1063 2325 1160 2394 psen-

123 2399 306 2496 deponymi
329 2418 415 2481 sunt,
446 2400 486 2465 ah
510 2424 549 2464 ea
570 2400 771 2492 plerumque
794 2402 962 2485 abhorret,
986 2430 1090 2496 quam
1111 2429 1160 2473 so·

122 2507 271 2574 lemnem
293 2507 331 2571 in
353 2505 431 2570 actis
454 2522 584 2571 senatus
606 2504 791 2596 populique
819 2506 935 2588 fuisse,
968 2508 1160 2602 inscriptio-

123 2635 218 2691 num,
241 2633 325 2701 quae
347 2627 404 2675 aut
424 2607 466 2673 ad
487 2609 594 2699 ipsam
622 2627 763 2675 aetatem
784 2610 1065 2678 Demostheneam
1086 2638 1160 2704 per-

122 2717 247 2793 tinent,
278 2729 334 2777 aut
364 2713 395 2777 ei
422 2713 590 2804 proximae
618 2729 707 2789 sunt,
747 2714 929 2779 constantia
963 2714 1073 2784 docet.
1122 2720 1159 2784 In

122 2818 243 2912 quihus
263 2815 411 2908 primum
432 2815 581 2883 solemne
603 2833 662 2898 est,
684 2834 721 2883 ut
747 2841 807 2884 vox
831 2817 985 2906 ἄρχοντος
1006 2839 1161 2914 sequatur

121 2945 262 3002 nomen,
284 2946 314 2988 v.
338 2944 366 2986 c.
389 2919 450 2985 hac
472 2918 634 2985 formula:
668 2924 716 2986 ἐπὶ
738 2923 978 3008 Καλλιστράτου
1001 2926 1158 3013 ἄρχοντος.

123 3029 164 3092 In
185 3025 306 3094 nostris
329 3047 390 3091 vox
417 3024 568 3110 ἄρχοντος
594 3047 717 3114 nomen
748 3026 926 3117 proprium
957 3027 1158 3122 plerumque

122 3130 312 3222 praecedit,
348 3145 396 3193 ut
418 3129 466 3192 tut
496 3127 647 3214 ἄρχοντος
673 3122 892 3216 Μνηὰιέφίλου,
932 3134 983 3197 ἐπὶ
1011 3134 1159 3222 ἄρχοντος

125 3236 324 3311 Neutrum„
350 3231 440 3296 Haec
461 3231 567 3296 forma
588 3232 625 3295 in
646 3234 873 3298 recentissima
894 3233 1043 3302 demum·
1058 3255 1158 3304 aetate

123 3336 270 3403 Romana
297 3335 453 3417 invaluit,
482 3332 663 3434 utldocent
683 3336 937 3426 inscriptiones,
973 3365 1056 3432 quas
1079 3320 1159 3407 Boe·

124 3439 240 3505 clhius
263 3437 368 3506 edidit
390 3439 427 3502 in
459 3437 560 3528 Corp.
594 3437 696 3504 Inscr.
729 3436 787 3506 Gr.
816 3440 892 3508 Vol.
917 3442 942 3507 I.
975 3446 1012 3510 P.
1037 3445 1080 3512 II.
1110 3442 1156 3511 cl.

124 3543 183 3610 IV.
206 3579 249 3592 -
271 3544 375 3609 Porro
398 3543 434 3606 in
456 3541 637 3607 Aristonici
665 3540 799 3609 decreto¹
827 3569 861 3636 p.
897 3547 961 3614 253
991 3547 1159 3615 archontis
1202 3570 1204 3581 ·

122 3647 253 3713 nomini
277 3644 429 3718 additum
451 3661 499 3710 est
518 3646 621 3735 patris
634 3668 773 3711 nomen:
798 3650 845 3712 ἐπὶ
856 3649 1049 3736 Χαιρώνδου
1067 3649 1159 3739 ‘Hyi-

121 3752 254 3840 povoc*)
286 3748 452 3837 ἅρχοντρς,
488 3745 580 3837 quod
611 3749 648 3813 in
677 3751 956 3842 inscriptionibus
994 3779 1159 3849 nusquam

163 4067 188 4147 *)
210 4066 306 4130 Codd.
330 4064 449 4150 quidem
474 4062 610 4146 plerique
627 4054 801 4144 Ἡγέμονος
823 4066 906 4159 quod
922 4069 1050 4153 August,
1074 4095 1159 4159 quar.
