2594 4672
566 267 723 372 Q

126 437 199 528 ipsa
219 433 396 528 Aeschinis
418 436 579 503 accusatio
600 435 764 528 praefert,
787 452 843 502 aut
864 432 907 501 ad
928 431 1170 521 Plutarcheum.

127 531 379 622 Chaerondam,
409 539 474 606 hoc
496 532 651 620 maxinie,
685 536 777 630 quod
799 538 1026 631 Ctesiphontis
1049 538 1163 605 decre-

125 661 199 712 tum
221 661 296 710 ante
318 644 403 709 iusta
429 643 584 709 funebria
612 643 727 711 occisis
760 640 803 708 ad
826 642 1053 710 Chaeroneam
1084 667 1163 710 con-

124 747 211 814 fecta
231 743 336 813 latum
357 771 459 839 supra
479 763 569 814 recte
588 747 684 820 nohis
706 735 855 813 statuisse
876 744 1045 830 videmur3
1066 771 1162 856 prae-

126 869 216 919 terea
239 849 331 944 quod
353 851 608 932 Demosthenes,
636 856 810 934 τειχοποιοῦ
831 874 970 970 munere
999 867 1162 941 suscepto,
1186 923 1187 926 Ἴ

125 1084 226 1169 supra
246 1059 380 1138 monui,
408 1055 452 1123 ad
472 1057 696 1124 cohibendum
715 1055 844 1126 hostem
865 1056 1062 1149 principalis
1083 1081 1163 1122 sanc

124 1188 204 1229 usus
240 1180 274 1245 et
310 1162 519 1253 gravissimus
556 1179 640 1243 erat,
685 1163 725 1228 ut
762 1163 808 1228 eis
848 1159 1011 1227 ducendis
1046 1185 1162 1226 manus

126 1266 278 1357 apposita
298 1262 462 1344 videatur,
494 1287 598 1355 quum
625 1265 776 1354 primum
803 1263 980 1356 repentina
1008 1262 1163 1355 Philippi

125 1366 301 1459 impressio
324 1383 580 1458 exspectaretur3
603 1365 698 1461 quod
718 1366 813 1433 fossis
835 1365 995 1432 ducendis
1018 1365 1162 1434 tumulos

124 1468 277 1563 publicos
311 1468 485 1536 amolitum
513 1493 582 1536 esse
610 1461 870 1567 Demosthenem
897 1467 1080 1535 Aeschines
1117 1471 1163 1535 ait

125 1576 175 1660 (in
207 1574 295 1641 Ctes.
326 1599 361 1667 p.
396 1576 438 1664 87
461 1575 573 1664 extr.,)
605 1571 644 1640 id
676 1571 769 1665 quod
800 1590 838 1640 ut
871 1572 983 1655 fieret,
1024 1574 1162 1640 civitatis

126 1676 308 1744 calamitate
341 1675 521 1746 adductum
548 1679 607 1758 sit,
639 1702 741 1768 quam
766 1679 832 1744 suis
854 1679 904 1744 rei
924 1665 1084 1769 publicae
1107 1701 1163 1767 ge·
1184 1706 1208 1721 κ·

96 1806 97 1810 ’
123 1781 248 1863 rendae
271 1781 417 1849 consiliis
439 1784 477 1849 in
499 1807 571 1850 eam
582 1783 794 1850 contraxisset
806 1782 1056 1850 Demosthenes.
1099 1782 1164 1847 Re-

123 1908 275 1980 pugnare
301 1904 475 1979 praeterea
503 1889 558 1953 isti
591 1887 773 1955 sententiae
801 1884 919 1953 decem
948 1885 1006 1954 illa
1040 1885 1162 1972 talenta

123 1988 288 2071 videntur,
311 2016 396 2082 quae
419 2016 454 2057 er
477 1992 603 2057 aerario
627 1988 670 2057 ad
691 2015 774 2083 opus
797 1988 984 2057 curandum
998 1990 1161 2081 accepisse
1260 2049 1264 2065 ,

123 2095 383 2161 Demosthenem
405 2094 577 2163 contendit
605 2095 807 2178 Aeschines,
828 2112 862 2162 et
884 2119 968 2188 quae
989 2095 1040 2162 vix
1062 2116 1163 2183 neges

125 2222 179 2264 eas
203 2222 271 2264 esse
293 2199 469 2288 pecunias,
498 2198 620 2288 quibus
654 2201 813 2266 continuo
841 2217 918 2291 post
946 2221 1096 2291 pugnam
1118 2193 1162 2262 ad

124 2325 238 2368 muros
271 2300 472 2366 reficiendos
501 2299 706 2367 destinandis
746 2319 915 2369 auctorem
941 2325 1011 2368 sese
1031 2299 1162 2393 populo

126 2406 287 2471 exstitisse
317 2403 558 2470 Demosthenes
584 2404 687 2470 refert
719 2402 755 2493 (l
786 2403 810 2471 l.
840 2407 926 2495 309).
976 2405 1042 2470 Vix
1070 2405 1163 2469 enim

125 2508 307 2575 credideris
330 2507 468 2600 Olymp.
493 2508 573 2588 CX,
603 2509 622 2576 3
646 2500 743 2589 extu,
767 2531 834 2600 quo
858 2508 1163 2601 tempore-pericu-

123 2612 198 2679 lum
220 2611 280 2677 diu
300 2613 369 2678 iam
390 2612 619 2702 praeterierat,
642 2612 826 2695 civitatem,
847 2611 939 2680 bello
962 2610 1162 2692 exhaustam,

122 2741 222 2788 novas
245 2717 339 2809 operi
361 2717 520 2807 pecunias
538 2713 726 2802 destipasse.
769 2717 913 2810 Ipsaque
929 2714 1162 2784 Demosthenis

123 2820 239 2888 verba:
262 2821 358 2898 εὐθὺς
378 2819 457 2904 μετὰ
478 2820 536 2906 τὴν
556 2819 662 2907 μάχην
687 2820 741 2888 διὰ
761 2828 824 2887 τῶν
845 2824 928 2905 ἐμῶν
947 2818 1162 2911 ψηφισμάτων

124 2925 158 2992 αἱ
178 2925 294 3014 τάφροι
315 2926 487 3011 ἐγίγνοντο,
519 2924 568 2992 τοι
586 2929 630 3003 εἰς
649 2924 690 2993 τὰ
717 2928 815 3012 τείχη
827 2925 978 3012 χρήματα
1005 2931 1051 3014 (p.
1081 2923 1161 3012 309)
1197 2983 1199 2991 ,

124 3027 274 3120 indicare
296 3044 410 3120 aperte
427 3026 591 3109 videntur,
613 3027 877 3096 reficiendorum
889 3027 1070 3111 moenium,
1083 3048 1163 3092 con-

123 3133 238 3201 silium
261 3144 396 3224 captum
417 3135 484 3228 iam
507 3149 602 3199 antea
624 3156 704 3213 esse,
728 3149 765 3198 ut
777 3134 922 3198 instante
934 3147 1011 3223 post
1031 3127 1164 3196 cladem

117 3232 340 3329 'impressione
362 3237 498 3305 nonnisi
520 3237 685 3328 pecuniae
708 3233 888 3302 destinatae
909 3237 986 3303 sint.
1031 3232 1170 3318 Quodsi·
1250 3283 1252 3287 «

123 3343 215 3408 enim
228 3366 281 3407 res
293 3339 518 3418 aliterfuisset,
542 3337 898 3432 dictumexspectares:
922 3339 975 3406 διὰ
995 3345 1058 3406 τῶν
1078 3341 1162 3424 ἐμῶν

121 3442 335 3534 ψηφισμάτων
355 3441 526 3530 ἔνίιγνετο
508 3472 529 3528 η
552 3469 616 3510 των
644 3449 753 3527 τειχῶν
773 3445 954 3531 κατασκευή.
1009 3443 1081 3509 Nec
1112 3443 1163 3509 vi

123 3549 221 3629 deas,
252 3572 312 3614 eur
341 3572 424 3640 opus
452 3548 554 3614 fuerit
585 3563 670 3618 noto
703 3546 904 3640 populiscito
939 3546 983 3614 de
1008 3542 1161 3633 creandis

123 3655 282 3719 tributim
296 3662 479 3736 τειχοποιοῖς
506 3637 644 3743 Olymp.
677 3650 756 3735 CX,
780 3655 982 3734 Sexeunt'e,
1016 3674 1079 3718 nec
1101 3671 1186 3750 eurr
1289 3742 1292 3747 ἢ

122 3759 186 3826 hoc
217 3781 237 3820 a
259 3755 484 3822 Demosthene
513 3755 639 3846 factum
669 3759 727 3838 sit,
762 3757 822 3848 qui
850 3780 920 3824 non
944 3755 1048 3824 fuerit
1070 3754 1183 3821 inter·
1217 3754 1220 3759 ’

122 3862 300 3939 moenium
316 3877 483 3927 curatores
504 3877 581 3952 post
607 3885 755 3952 pugnam
777 3860 1047 3954 Chaeronensem
1068 3878 1159 3949 creta

125 3984 189 4049 tos3
212 3989 275 4032 nec
297 3963 443 4056 denique
464 3964 638 4031 Aeschinis
654 3966 752 4032 verba
774 3962 817 4029 ad
831 3962 1002 4031 decretum
1015 3960 1059 4029 de
1080 3956 1143 4033 out!

126 4068 289 4163 tinuendo
313 4091 426 4160 opere,
449 4069 508 4136 sed
530 4069 571 4134 de
595 4067 787 4161 incipiendo
810 4068 921 4161 potius
942 4060 1148 4162 spectans:
