2594 4672
652 274 714 346 28

174 443 365 512 societatem
386 392 612 528 inclinabant,
645 421 682 512 id
710 464 759 513 est
779 447 868 512 inter
890 444 1026 538 Olymp.
1049 444 1096 526 C,
1129 445 1152 532 4
1180 464 1214 516 et

91 604 94 609 ,
174 548 242 632 CI,
261 549 312 634 4,
334 551 452 617 victrix
483 550 690 642 Oropiorum
718 575 806 642 pars,
829 550 974 643 expulsis
1005 540 1212 631 adversariis,

158 653 431 733 ¹Atheniensibus
455 655 574 723 urbem
597 652 770 731 tradidisse
799 654 938 723 ridetur.
984 654 1107 722 Exules
1128 657 1213 722 vici-

171 781 250 822 nam
264 756 429 824 Eretriam
444 757 673 850 confugerunt,
696 757 786 824 uude
811 785 829 823 a
844 759 1045 827 Themisone
1068 777 1210 851 tyranno

131 909 133 911 -
172 860 317 954 Olympss
335 860 431 943 CIII,
463 863 541 930 tin
563 864 705 955 patriam
727 864 869 930 restituti
892 881 985 945 sunt,
1013 865 1073 955 qui
1096 854 1133 930 ea'
1153 888 1211 931 oc·
1283 925 1286 929 .

74 1027 76 1030 ,
170 967 301 1049 cesione
330 964 577 1059 opportunitate
608 967 740 1035 adiutus
769 968 841 1061 ipse
869 968 987 1043 urbem
1007 968 1043 1032 in
1064 985 1209 1067 potesta-

169 1087 238 1136 tem
256 1094 351 1136 suam
368 1069 508 1162 redegit.
553 1072 679 1150 Aberat
696 1073 785 1138 enim
801 1097 839 1139 eo
860 1090 1008 1165 tempore
1023 1071 1207 1139 Athenien-

168 1175 257 1241 sium
283 1176 445 1241 'cxeroitus
469 1176 506 1242 in
527 1175 757 1268 Peloponneso
778 1177 922 1259 ¹Charete
950 1174 1033 1242 duce
1056 1175 1204 1270 Phliasiis

168 1267 322 1346 adversus
343 1277 495 1347 ‘Arcades
534 1299 567 1348 et
594 1282 734 1372 Argivos
765 1282 888 1348 auxilio
923 1276 1051 1351 missus.
1102 1280 1206 1347 Athe-

165 1384 421 1477 nienses'igitur
438 1409 516 1452 cum
537 1410 588 1476 eo,
611 1387 671 1480 qui
684 1387 768 1453 urhe
780 1385 903 1468 aderat,
925 1387 1073 1453 exercitu
1085 1387 1207 1453 accito-

166 1494 232 1582 que
246 1489 418 1557 confestim
434 1490 722 1584 exPeloponneso,
733 1489 1211 1583 Chareteadrecuperandum.
1226 1538 1228 1542 ι

166 1594 325 1688 Oropum
344 1596 626 1690 adproperabant3
657 1622 761 1690 quum
791 1615 902 1664 tamen
930 1592 1026 1662 novis
1046 1598 1084 1661 in
1107 1595 1204 1664 Pelo-

162 1722 312 1794 ponneso
328 1703 434 1768 turbis
449 1705 570 1770 exortia
585 1727 626 1769 ex
638 1701 817 1795 improviso
826 1699 981 1773 recedere
994 1719 1203 1792 cogerentur,

161 1808 253 1898 pacti
271 1831 347 1873 cum
362 1807 532 1874 Thebanis
548 1805 785 1873 aThemisone
803 1806 964 1871 arcessitis
987 1829 1025 1870 ea
1046 1805 1203 1872 videntur

64 1934 66 1939 ·
98 1937 100 1942 ·
162 1935 232 1978 esso
254 1909 457 1990 conditione,
479 1928 517 1978 ut
535 1910 720 1976 retinerent
732 1909 887 2000 Oropum
908 1933 965 1974 sua
988 1911 1025 1974 in
1039 1927 1203 2000 potestate

161 2015 325 2095 Thebani,
349 2012 456 2080 donec
478 2012 521 2080 de
543 2015 616 2080 iure
637 2012 832 2106 possidendi
856 2036 950 2079 causa
973 2029 1083 2078 actum
1107 2031 1200 2081 esset.

161 2119 207 2187 At
234 2118 387 2185 Thebani
415 2120 534 2185 urbem
570 2117 672 2184 semel
705 2136 874 2210 acceptam
906 2115 1048 2183 reddere
1084 2137 1201 2207 postea
1270 2197 1272 2203 γ

159 2210 374 2314 nequaquam
394 2221 579 2303 voluerunt,
602 2221 755 2288 sedeam
784 2225 835 2307 sui
864 2222 947 2287 iuris
970 2244 1039 2286 esse
1061 2241 1200 2290 conten-

160 2327 295 2405 debant,
339 2325 498 2392 Eandem.
512 2351 585 2392 rem
607 2329 712 2418 tangit
733 2326 850 2402 Aesoh.
873 2328 909 2391 in
933 2325 1019 2391 Ctes.
1042 2351 1076 2417 p.
1098 2327 1141 2395 65
1163 2328 1220 2413 f,

56 2463 57 2466 ¹
158 2417 344 2525 narratque
360 2430 493 2523 Ulpian.
518 2430 561 2497 ad
576 2432 674 2499 Dem
699 2431 829 2498 decor.
853 2431 876 2498 l
900 2455 928 2497 o.
952 2431 1196 2522 Harpocratv.
1202 2493 1206 2497 .

160 2535 314 2624 Θεμίσων
359 2537 487 2603 Iniuria
502 2537 590 2602 haec
611 2536 780 2600 Thebanis
803 2559 872 2602 nou
902 2537 975 2601 sine
1003 2531 1194 2648 proditione

157 2642 237 2707 ab
226 2667 378 2733 ipsorum
408 2622 663 2706 Atheniensium
696 2658 790 2728 parte
822 2641 1014 2704 successisse
1052 2605 1201 2705 videtui.

157 2744 243 2811 Orta
282 2746 373 2809 enim
408 2744 489 2809 iude
520 2759 568 2808 est
599 2738 738 2806 celebris
771 2741 830 2806 illa
868 2767 963 2808 causa
993 2739 1034 2806 de
1066 2721 1191 2834 Oropo,

130 2880 132 2899 ε
155 2873 259 2940 quam
272 2824 439 2914 Chabrias
444 2841 731 2926 etCallistr‘atus,
722 2859 903 2935 tmperator
915 2845 1006 2912 idem
1019 2863 1193 2938 oratorque

155 2951 306 3020 eiusdem
326 2953 487 3044 temporis
509 2949 756 3029 celeberrimus,
779 2949 946 3031 dixerunt,
975 2967 1154 3042 postquam
1175 2975 1193 3016 a

59 3081 63 3090 ·
153 3056 360 3125 Philostrato
374 3075 507 3150 praeter
535 3055 617 3124 alios
646 3052 767 3120 multos
795 3056 912 3146 capitis
939 3057 1104 3124 accusati
1114 3070 1193 3121 sunt

86 3172 88 3176 ‘
150 3180 330 3255 propterea
351 3161 497 3242 sortasse,
520 3159 613 3253 quod
633 3158 893 3226 Atheniensibus
916 3178 1066 3226 auctores
1088 3177 1193 3240 etant,

153 3264 210 3333 ut·
230 3265 391 3356 Oropum·
413 3268 605 3333 necessitate
640 3280 803 3354 urguente
839 3262 1077 3330 Thebanorum
1110 3261 1194 3329 fidei

152 3371 414 3448 committerent,
450 3371 497 3436 ita
527 3392 605 3435 vero
637 3366 829 3455 collusionis
860 3365 1083 3433 clandestinae
1114 3392 1193 3434 cum

150 3473 320 3539 Thebanis
352 3473 640 3538 insimulabantur.
703 3472 845 3537 Causam
879 3472 966 3536 hanc
1001 3467 1042 3535 de
1073 3470 1190 3562 Oropo

150 3603 169 3646 a
192 3578 338 3644 Chabria
360 3576 485 3643 dictam
507 3575 747 3642 Demosthenes
769 3592 933 3640 memorat
965 3575 1001 3638 in
1030 3600 1077 3641 or.
1102 3574 1189 3641 Mid.

147 3683 288 3774 p.·.535‚
320 3680 362 3746 ad
386 3680 530 3772 queml.
555 3679 667 3747 Schol.
696 3704 768 3743 rem
791 3680 924 3744 uberius
953 3667 1107 3771 explieat,
1130 3679 1191 3746 sed

146 3789 260 3878 inepte
284 3783 390 3849 addit:
414 3781 431 3848 ὃ
454 3787 601 3871 Χαβρίας
623 3783 725 3849 ἔπειθε
746 3786 898 3867 Θηβαίοις
908 3790 1070 3868 βοηθῆσαι,
1087 3784 1190 3868 Ἀθη-
1211 3824 1214 3830 2

146 3894 267 3971 ναίους,
306 3889 358 3955 ὅτε
392 3887 595 3967 ἐκινδύνευον,
639 3885 706 3952 εἶτα
735 3889 889 3963 σωθέντες
918 3887 1112 3953 ἀπέσπασαν
1133 3886 1190 3951 τὸν

141 3993 304 4082 Ὦρωπὸν.
350 3983 402 4057 De'
431 3987 634 4072 Callistrato,
669 3992 728 4082 qui
762 4009 834 4056 tum
856 3993 982 4083 ,capitis
1014 3990 1188 4055 damnatus
1263 4078 1264 4082 ἵ

128 4101 188 4188 Ιἰιι·
204 4097 343 4172 exilium-
362 4096 456 4178 abiit,
474 4112 587 4185 postea
608 4119 755 4164 reversus
777 4091 819 4159 ad
845 4093 1050 4186 supplicium
1072 4110 1187 4186 raptus
