2594 4672
524 240 680 349 ...⁵.¹...

77 423 174 497 zoe,
203 413 279 491 11ης
305 410 346 479 ἂν
366 409 547 500 ὁρμήσαιτε.
594 412 793 480 Orationem
824 402 1044 482 autem'hana
1066 439 1128 483 seu

76 520 227 613 primam
249 531 339 583 certe
360 517 430 583 cius
451 533 602 608 partem,
618 517 662 589 in
684 541 751 608 qua
771 517 872 584 verba
893 513 953 583 illa
984 536 1123 600 exstant,

81 622 141 691 01.
167 621 281 702 CVII,
316 643 327 688 1
356 618 621 713 aDemosspene
646 619 802 688 'habitam
833 644 921 701 esse,
950 621 1052 688 Dion.
1083 623 1124 691 H.

78 726 185 815 refert
205 727 242 791 in
265 748 317 816 cp.
339 722 384 790 ad
404 726 517 792 Amm.
539 725 568 814 §.
593 722 625 809 4.
670 724 787 816 Itaque
803 734 918 816 'quum
940 726 977 790 in
1000 728 1129 809 eaDe-

79 831 270 900 mosthenes
294 826 336 894 ad
358 853 460 896 novos
490 844 669 921 apparatus
698 827 838 894 bellicos
867 827 987 896 maiori
1016 831 1129 898 inten-

79 935 174 1004 tione
212 932 426 1000 instruendos
471 931 692 998 Athenienses
734 931 925 999 cohortetur
968 935 1031 1012 (ἐπὶ
1070 936 1128 1014 τὰς

78 1040 227 1127 ἐξαίφνης
252 1043 369 1115 auritos
385 1035 452 1104 sind
475 1042 532 1121 τῆς
553 1036 667 1111 οἰκείας
683 1033 791 1123 χώρας
814 1035 910 1101 αὐτοῦ
935 1035 1125 1131 [Φιλίππου]

79 1143 246 1230 στρατεζας
268 1144 311 1218 εἰς
332 1140 453 1221 Πῦλας,
477 1141 528 1206 καὶ
550 1135 754 1227 Χεῤῥόνηοον
780 1141 829 1204 καὶ
846 1138 1030 1227 Ὄλυνθον),
1055 1165 1127 1209 ora-

79 1247 211 1315 tionem
238 1245 347 1336 ipsam
374 1243 487 1310 hieme
516 1267 544 1310 a.
571 1265 582 1309 1
620 1241 678 1308 01.
710 1241 805 1308 CVII
835 1240 984 1307 habitam
1012 1247 1128 1312 verisi-

77 1336 163 1418 mile
187 1363 245 1428 est‚
269 1345 515 1441 expeditionem
538 1362 649 1411 autem
668 1343 763 1411 illam
786 1342 829 1410 ad
851 1341 946 1435 Pylas
968 1347 1125 1442 Philippo

79 1451 346 1548 praecludendae
368 1474 428 1517 sen
449 1474 526 1516 vere
549 1447 606 1516 01.
631 1447 720 1527 CVI,
742 1447 774 1533 4,
797 1472 855 1514 scu
869 1448 1015 1516 mediam
1038 1455 1130 1526 circa¹
1188 1468 1189 1471 ’

80 1572 250 1636 aestatem,
272 1557 295 1621 i.
319 1578 348 1621 e.
373 1553 430 1622 01.
447 1553 545 1638 CVII
567 1577 595 1618 a.
623 1576 634 1620 1
662 1555 800 1619 ineunte
817 1553 950 1620 missam
967 1556 1007 1621 ab
1021 1557 1126 1624 Athe·
1191 1567 1195 1572 ’

30 1721 35 1731 .
80 1659 263 1741 aiensibus
274 1682 354 1726 esse.
392 1656 584 1724 Eandem
573 1681 682 1749 ipsam
696 1655 959 1723 Atheniensium
990 1660 1125 1753 expedi-

80 1765 210 1834 tionem
230 1762 362 1830 Dem.
351 1786 388 1829 tn
411 1785 460 1830 or.
482 1790 515 1830 π.
538 1786 677 1849 ααραπρ.
699 1786 734 1881 p.
756 1760 820 1846 443
849 1760 899 1826 his
921 1762 1031 1828 verbis
1053 1780 1125 1830 tan-

76 1870 140 1964 git,
162 1867 281 1961 quibus
303 1865 405 1945 simul
426 1850 571 1934 Diodori
592 1867 818 1932 narrationem
846 1864 969 1931 affatim
999 1868 1125 1940 confir·

75 1988 161 2040 mat:
183 1969 245 2058 ὅτε
270 1971 427 2047 Φωκέας
447 1968 639 2059 ἐκράτησε
655 1967 944 2060 [Φίλιππος]
906 1996 947 2035 το
970 1978 1123 2101 πρώτην

75 2077 142 2144 καὶ
165 2055 367 2164 διέφθειρε
397 2073 488 2151 τοὺς
516 2073 649 2152 ξίνοας
679 2072 802 2140 αὐτῶν
828 2075 887 2139 καὶ
915 2072 982 2140 τὸν
1002 2071 1122 2162 ἡγού-

74 2204 197 2266 μενον
230 2164 289 2244 καὶ
322 2183 622 2265 στρατηγοῦντα
647 2174 912 2264 Ὀνόμαρχον,
944 2178 1028 2245 τότε
1058 2188 1122 2255 τῶνΙ

79 2281 189 2356 ὄντων,
211 2279 389 2372 ἄνθρῶαων
425 2272 569 2348 iaevam
603 2279 728 2356 οὐδενὸς
763 2280 833 2347 οὔτε
863 2281 1012 2368 Ἕλληνος
1051 2285 1121 2352 οὔτε

74 2370 249 2473 βαρβάροα
287 2387 426 2474 Φωκεῦσι
464 2384 685 2471 βοηθήσαντος
714 2382 795 2470 πλὴν
820 2381 926 2468 ὗμῶν,
958 2387 1015 2470 οὐχ
1038 2388 1122 2466 ὅπως

74 2485 293 2574 παρη1θεν’
272 2515 293 2572 η
320 2487 501 2576 διεπράξαθ’
529 2479 572 2554 ὧν
584 2484 766 2573 ἠβουλήθη
796 2513 826 2554 τι
853 2488 1030 2576 παρελθών,
1054 2489 1121 2556 ἀλλ’

74 2591 153 2658 οὗδὲ
184 2595 367 2697 consciderat
392 2592 479 2693 ἐγγυς
503 2592 659 2680 ἠδυνήθη.
704 2590 930 2685 Eiusdemque
952 2593 1029 2661 facti
1052 2619 1123 2660 me-

73 2695 180 2762 minit
208 2692 331 2762 iterum
359 2697 395 2761 in
418 2684 490 2762 ead.
514 2722 561 2764 or.
589 2722 623 2789 p.
652 2696 727 2788 367,
749 2697 809 2763 abi
838 2696 1059 2791 expeditionis
1080 2699 1122 2765 il-

73 2799 190 2868 lius'
165 2807 346 2891 rmpensas
376 2788 420 2866 ad
451 2780 596 2868 ducenta
627 2800 748 2868 talenta
770 2796 927 2868 aestimat.
951 2842 994 2854 -

166 2902 320 2971 Classis
310 2904 424 2996 agitur,
448 2930 515 2996 qua
536 2905 600 2972 hoc
620 2923 769 2997 tempore
781 2905 1028 2997 Thermopylae
1045 2907 1121 2971 Phi-

73 3005 173 3100 lippo
195 3007 237 3073 'ab
255 3008 521 3079 Atheniensibus
543 3007 734 3102 praeclusae
756 3026 846 3088 sunt,
876 3011 956 3100 ipsis
978 3008 1119 3075 Athenis

74 3110 180 3179 allato
219 3111 425 3179 imminentis
469 3113 696 3204 impressionis
734 3113 859 3178 nuncio
901 3112 1019 3178 emissa
1062 3130 1119 3203 est

72 3213 198 3284 Securi
220 3210 310 3305 enim
334 3233 404 3284 tum
428 3219 587 3310 temporis
606 3215 719 3282 adhue
732 3215 951 3304 Athenienses
973 3215 1118 3286 suerunt.

73 3321 206 3415 Quum·
225 3338 339 3411 tamen
370 3320 474 3388 semel
508 3337 617 3388 essent
637 3319 789 3412 Philippi
822 3319 1028 3387 ferocitatem
1063 3346 1120 3388 ex-

69 3423 178 3518 perti,
200 3441 234 3492 et
255 3424 298 3490 ad
320 3426 483 3493 acriorem
502 3423 707 3516 vigilantiam
723 3423 955 3493 Demosthenis
970 3428 1119 3494 oratione

63 3543 194 3615 acontra
215 3527 363 3622 Philipp.
387 3529 413 3594 1.
437 3529 638 3612 exsuscitati,
652 3603 655 3607 ἵ
669 3546 816 3623 paratam
844 3526 967 3596 deiude
995 3528 1036 3595 ad
1060 3530 1121 3596 ob-
1221 3556 1223 3559 ·

70 3628 276 3721 aervjandum
298 3635 471 3701 traiectum
494 3632 632 3719 classem
655 3633 747 3712 Orci,
771 3633 854 3699 urbe
876 3635 1121 3727 septentriona-

69 3734 118 3804 lis
133 3734 325 3818 Euboeae,
314 3761 353 3802 ιιι
365 3738 496 3804 ancoris
512 3739 656 3804 tenuisse
669 3736 833 3805 videntur.
865 3737 963 3804 Certe
978 3737 1118 3829 Olymp.

72 3838 217 3927 CVIII,
240 3863 261 3909 a
304 3829 495 3926 Proxenum
527 3844 763 3935 imperatorem
784 3838 928 3908 eundem
950 3839 994 3909 ad
1016 3841 1119 3908 finem

70 3945 112 4011 in
135 3942 198 4030 illa
218 3946 375 4038 regione
376 3963 540 4014 versatum
562 3967 632 4015 esse
660 3961 787 4015 constat
816 3969 854 4010 ex
883 3946 980 4009 Dem.
1010 3965 1058 4009 or.
1086 3966 1119 4011 n.
1145 4029 1148 4035 ἢ

720 4051 795 4118 [μ
