2594 4672
129 404 358 474 Demosthene
378 403 569 498 depositum
590 432 672 490 esse,
695 405 932 501 quum-legem
946 405 1049 474 ferret
1062 394 1175 478 Ctesi-

128 504 242 603 phon,
273 506 500 576 demonstrare
530 527 670 579 conatur
705 535 746 577 ex
773 510 907 580 decreto
946 509 989 577 de
1013 515 1174 583 creandis

120 623 312 698 κειχοποιοῒς
329 639 347 679 ιι
363 612 588 682 Demosthene
605 612 682 682 leto.
725 612 793 681 Sed
805 614 918 682 exhec
929 614 1175 687 Demosthenes

121 719 301 784 moenium
320 735 451 784 curator
472 716 595 785 clectus
618 734 670 784 est
688 716 816 784 diverso
840 718 997 786 archonte
1018 720 1176 811 Lysima-

129 819 240 887 c'hide.
276 821 393 911 Itaque
406 822 506 888 verba
520 825 568 888 tut
579 824 803 906 Λυσιμαχίδου
819 821 972 909 ἄρχοντος
984 825 1175 911 Θαργηλιῶ-

127 949 183 1002 νος
203 925 302 1012 μηνδς
323 927 453 1016 δευτέρη
474 928 645 1013 φθίνοντος
666 923 729 992 εἶπε
744 927 956 1015 Δημοσθένης
974 929 1176 998 recitaturus

129 1139 441 1163 m

215 1278 371 1352 Aeschines
393 1279 481 1340 fuisse
501 1277 600 1354 relert,
624 1281 676 1362 qui
697 1280 810 1339 nonnisi
831 1280 916 1340 annui
937 1278 1026 1340 fuisse
1048 1300 1177 1362 possunt

217 1359 263 1442 (oi
284 1361 385 1426 ἐπὶ
353 1387 389 1427 το
412 1359 566 1470 θεονρικδν
585 1353 906 1447 κεχειροτονημένοι
877 1385 999 1473 ηρχον
1002 1362 1072 1444 μέν,
1099 1367 1177 1451 πρὶν

198 1443 239 1529 ,ἢ
269 1445 326 1512 τδυ
328 1445 527 1559 Ἡγήμονος
546 1445 653 1530 νόμον
672 1449 840 1558 ρενέοθοιι,
859 1446 923 1530 τήν
943 1453 1000 1512 τοῦ
1021 1448 1178 1536 ἀντιγρα-

99 1568 101 1575 s
217 1532 300 1619 piore
322 1532 436 1620 ἀρχήν,
463 1527 566 1643 ήρχον
592 1535 626 1599 δὲ
643 1533 711 1643 τήν
731 1540 795 1599 τῶν
821 1533 1001 1600 ἀποδεκτῶν
1020 1537 1072 1599 καὶ
1096 1563 1178 1602 νεω-

217 1624 296 1705 (tois,
327 1623 377 1686 noti
406 1619 599 1706 σκευοθήκην
628 1611 876 1710 ᾠκοδόμουν,
854 1645 936 1705 ησυν
946 1619 996 1685 δὲ
1021 1623 1074 1686 καὶ
1098 1619 1178 1689 ὁδο-

204 1707 310 1773 ποιοί.
361 1713 478 1773 Aesch.
492 1713 537 1771 1.Ι
532 1708 595 1795 c..)
645 1714 684 1772 Et
712 1727 825 1772 creatos
854 1712 975 1772 theorici
1002 1730 1177 1794 quaestores

218 1819 281 1858 esse
303 1801 378 1860 eirca
398 1800 605 1880 Dionysiorum
618 1795 795 1858 urbanorum
816 1799 1021 1858 solemnitatem
1043 1823 1079 1860 ex
1101 1803 1175 1884 ipsis

217 1884 276 1960 his,
309 1907 381 1968 quas
408 1886 455 1944 hic
477 1874 651 1961 εἰοιιιίιιιιιε,
688 1885 847 1944 rationibus
869 1884 1030 1947 ¹contendit
1056 1887 1173 1948 Petitus

217 1969 324 2054 (Legg.
353 1973 413 2031 Att.
434 1970 484 2032 Ill.
507 1992 536 2031 a.
554 1966 631 2053 ⁴25),
658 1973 842 2053 putarimque
875 1993 930 2052 ego
954 1993 1092 2054 quoque,
1116 1976 1172 2036 etsi

216 2058 310 2116 minus
330 2057 461 2116 tribuens
488 2058 661 2139 argumentis
682 2057 786 2132 Petiti,
813 2055 871 2117 s'ed
892 2057 977 2139 quod
1004 2060 1169 2119 uuiversum

217 2143 338 2204 theorici
372 2144 532 2203 institutum
563 2165 579 2202 a
613 2144 782 2225 spectaculis
811 2145 996 2223 ‘Dionysiacis
1019 2145 1168 2227 ⁴originem

217 2227 300 2288 duxit
332 2226 374 2310 (v.
400 2229 527 2290 Boeclth.
557 2230 668 2290 Oecon.
691 2231 758 2290 Ath.
792 2231 846 2291 civ.
872 2230 940 2290 Vol.
963 2230 986 2289 l.
1014 2255 1045 2315 p
1073 2233 1169 2309 235..)

216 2317 406 2377 Nihilominus
436 2318 660 2378 Demosthenem
686 2318 809 2377 theorici
837 2332 1021 2399 quaestorem
1043 2335 1171 2383 creatum

217 2424 280 2463 esse
301 2406 396 2488 primo
419 2426 515 2464 mense
537 2405 602 2464 anni
623 2402 766 2480 eiusdem,
788 2405 870 2463 cuius
890 2404 1093 2486 Pyanepsione
1116 2406 1171 2466 lata

216 2505 260 2550 est
287 2491 334 2552 lex
361 2491 626 2573 Ctesiphontis‚m
598 2491 686 2550 multa
713 2513 759 2550 me
789 2505 913 2550 monent.
963 2493 1039 2551 Nam
1071 2494 1096 2551 si
1124 2515 1171 2552 ar-

215 2577 319 2638 chonte
347 2576 545 2669 Lysimachide
573 2577 611 2637 ad
636 2579 804 2660 Dionysia,
814 2599 910 2637 mense
931 2579 1020 2659 igitur
1041 2578 1172 2661 Elaphe-

213 2662 333 2723 bolione
354 2661 466 2723 creatus
487 2663 595 2740 fuisset,
615 2663 721 2724 eodem
741 2665 875 2724 archonte
898 2679 926 2724 et
939 2665 1060 2724 theorici
1078 2687 1171 2748 quae-

214 2762 275 2808 stor
302 2749 395 2808 lactus
425 2763 499 2808 esset
527 2765 556 2808 et
582 2744 763 2826 τειχοποιός.
818 2749 878 2810 Sed
906 2750 1052 2811 diversum
1080 2755 1173 2812 mani-

213 2834 288 2894 festo
310 2836 474 2896 archontem
494 2836 649 2895 Aeschines
670 2836 798 2915 indicat,
806 2837 860 2897 sub
879 2859 939 2938 quo
952 2840 1101 2898 moenium
1121 2861 1171 2900 re-

213 2921 402 2983 ficiendorum
424 2943 520 2981 curam
536 2923 744 2992 Demosthenes
765 2925 943 3030 susceperit„
956 2948 1063 3030 quum
1070 2928 1101 2985 in
1121 2947 1170 2986 se-

182 3084 186 3090 .
215 3011 372 3091 quentibus
394 3002 523 3114 [ἐπιδ]
488 3003 782 3116 ηαρΧαιροίνδου’1
761 3030 921 3088 αρχοντος,
945 3013 993 3089 ait,
1015 3005 1169 3093 ψήφισμα

212 3091 425 3177 Δημοσθένης
454 3108 570 3178 εηραψε
604 3090 722 3201 ἀγορὰν
754 3098 881 3177 ποιῆσαι
907 3098 971 3158 τῶν
1001 3099 1111 3204 φυλῶν
1139 3121 1167 3165 κ.

214 3203 243 3244 τ.
266 3185 306 3261 1.,
330 3185 390 3244 sive
411 3183 450 3242 in
462 3185 506 3243 his
527 3179 575 3244 ἐπὶ
596 3176 784 3284 Χαιρώνδου
805 3185 892 3266 legas,
921 3185 981 3244 sive
1010 3179 1084 3266 πρό.
1129 3188 1168 3246 Et

213 3268 281 3328 ad
272 3229 418 3331 nieuntem
439 3293 543 3331 aunum
564 3285 702 3378 spectare
716 3271 800 3330 etiam
827 3271 938 3351 prolixa
950 3271 1007 3329 illa
1019 3273 1168 3376 temporis

212 3354 328 3417 videtur
348 3358 474 3419 notatio:
497 3353 551 3418 nol
568 3377 623 3435 μοι
644 3349 818 3460 οινδηνωθι,
842 3353 891 3418 ἐπὶ
910 3346 1037 3427 τ’ίνος’
1016 3376 1169 3466 οιρχοντος

136 3470 138 3474 ·
198 3438 265 3501 καὶ
286 3440 377 3504 ποίου
397 3437 498 3523 μηνὸς
523 3441 573 3504 καὶ
600 3442 633 3508 ἐν
616 3441 713 3504 ντίνι
738 3435 841 3530 ήμέρα
861 3439 912 3504 nol
933 3440 966 3504 ἐν
987 3442 1083 3530 ποία
1104 3442 1169 3506 ἐκ·

213 3526 351 3631 κληο
336 3551 357 3589 οι
391 3524 612 3613 ἐχειροτονήθη
645 3527 803 3611 Λημοσθέ
803 3551 857 3611 νης
888 3551 950 3632 την
981 3506 1084 3612 ἀρχην
1110 3552 1169 3611 την

213 3607 273 3676 ἐπὶ
282 3617 328 3676 τῶ
349 3616 501 3700 θεωρικῷ.
545 3617 675 3693 Accedit,
697 3617 730 3677 id
751 3617 835 3700 quod
843 3619 995 3679 maximum
1009 3634 1062 3696 est,
1085 3617 1169 3703 quod

212 3703 421 3762 Demosthenes
449 3704 496 3764 01.
520 3703 592 3781 CX,
623 3704 893 3787 3Elaphcbolioue
914 3704 976 3789 Vl,
998 3721 1080 3766 serto
1103 3722 1167 3769 ante

213 3790 351 3869 Dionysia
378 3788 442 3866 die,
474 3788 567 3849 adhuc
597 3792 717 3852 theorici
747 3806 883 3873 quaestor
913 3782 987 3868 erat,
1017 3807 1051 3852 ut
1082 3792 1169 3853 docet

128 3870 130 3873 ⁵
182 3874 185 3880 ’
212 3876 361 3937 Aeschinis
382 3877 523 3936 accusatio
551 3871 604 3956 (de
626 3899 686 3938 cor.
713 3901 744 3960 p.
769 3876 861 3958 243),
883 3879 950 3961 qui
957 3878 1005 3937 vix
1027 3901 1090 3940 esse
1111 3902 1169 3963 po

214 3979 302 4041 terat,
334 3962 359 4022 si
387 3961 436 4022 Ol.
470 3956 548 4040 CX,
571 3984 588 4023 2
613 3980 677 4024 ante
694 3966 838 4047 Dionysia
859 3986 962 4026 munus
983 3967 1168 4052 suscepisset,

111 4080 113 4084 ·
214 4071 269 4138 per
291 4072 395 4117 aunum
416 4048 677 4116 administrandum.
