2594 4672
556 249 601 322 89

502 337 660 355 Μ

59 421 108 488 ris
131 418 263 485 iurandi
289 417 442 512 exigendi
466 442 560 486 causa
588 420 729 511 legatos,
759 443 802 487 an
823 416 866 487 ad
893 435 1012 485 eorum
1039 415 1106 483 iter

60 521 298 592 maturandum
326 524 436 615 potius
464 526 638 616 spectet.*)
683 524 757 607 Qua
787 520 830 588 de
851 545 905 604 re,
940 543 1046 613 quum
1067 544 1107 587 ea
1210 532 1212 545 '

60 651 197 697 excussa
234 644 266 694 et
293 623 504 708 diiudicata„
521 626 710 720 quaestioni
749 642 881 693 nostrae
910 621 952 690 de
979 621 1107 690 decreti

59 731 160 798 huius
184 729 376 801 conditione
396 719 543 799 mult'um
568 728 652 796 lucis
674 729 806 796 affluere
828 727 977 809 videam,
1001 749 1107 817 eaque

59 833 105 901 ad
126 851 257 926 tempus
274 831 399 901 decreti
422 829 692 901 constituendum
711 830 852 923 plurimi
872 833 916 896 sit
932 832 1106 913 momenti,

60 935 223 1007 disserere
259 934 329 1000 iam
362 958 454 1001 nunc
491 953 605 1028 aptum
638 935 781 1003 arbitror
810 952 844 1015 et
871 937 1106 1001 necessarium.

59 1040 179 1130 Itaque
217 1038 357 1104 reversis
396 1062 437 1105 ex
467 1038 667 1106 Macedonia
700 1038 959 1104 Atheniensium
991 1034 1107 1129 legatis

59 1167 165 1235 quum
187 1140 308 1223 simul,
340 1164 399 1207 seu
425 1142 519 1209 hrevi
548 1139 776 1210 intercedente
798 1143 959 1236 temporis
989 1142 1107 1234 spatio,

59 1245 213 1337 Philippi
229 1268 364 1337 quoque
381 1243 482 1336 legati
506 1245 548 1312 ad
565 1246 808 1338 Dionysiorum
829 1244 990 1314 solemnia
1002 1245 1109 1313 Athe-

59 1375 120 1418 nas
149 1347 372 1430 advenissent‚
401 1348 486 1416 duae
517 1349 676 1444 deinceps
702 1347 821 1443 populi
853 1351 1031 1418 conciones
1059 1350 1109 1415 fa-

60 1471 133 1522 ctae
163 1470 254 1533 sunt,
285 1451 484 1546 Elaphebol.
510 1453 569 1542 die
591 1454 708 1520 XVIII
733 1471 767 1521 et
788 1453 883 1535 XIX,
906 1477 1049 1545 quarum
1070 1454 1109 1519 iu

62 1557 166 1626 altera
195 1556 238 1623 de
266 1581 349 1650 pace
372 1582 450 1625 cum
470 1555 631 1650 Philippo
665 1555 901 1639 deliberatum,
932 1559 970 1624 in
997 1576 1110 1651 poste·
1145 1583 1147 1587 ’

61 1663 155 1730 riori
173 1688 237 1754 pax
259 1662 360 1728 simul
383 1686 462 1729 cum
488 1661 624 1730 foedere
654 1661 849 1730 confirmata
877 1677 935 1728 est.
978 1662 1022 1729 V.
1055 1663 1109 1728 in·

55 1766 122 1861 ha.
168 1762 359 1858 Cogitatum
388 1769 550 1835 continuo
582 1785 654 1833 tum
670 1785 732 1833 ‹est
758 1765 800 1833 de
828 1763 1059 1834 iureiurando
1088 1792 1110 1832 a

62 1870 224 1964 Philippo
239 1869 403 1963 exigendo
426 1869 537 1964 deque
557 1869 673 1963 legatis
695 1869 866 1952 creandis,
896 1870 1019 1964 quihus
1048 1893 1110 1937 ne-

63 1977 193 2068 gotium
217 1975 282 2043 hoc
304 1974 572 2044 demandaretur.
615 1974 753 2068 Eosque
781 1991 906 2043 creatos
934 1998 953 2039 a
979 1972 1110 2067 populo

63 2081 164 2148 fuisse
194 2081 262 2147 iam
291 2079 473 2147 Aeschines
500 2079 601 2162 dicit,
628 2104 736 2172 quum
757 2075 1029 2173 Elapheboliou'is
1052 2077 1110 2146 die

64 2183 184 2252 XXIV
215 2182 332 2250 concio
354 2182 475 2274 populi
496 2183 692 2264 haberetur,
715 2186 753 2249 in
775 2207 859 2275 qua,
882 2182 1109 2250 Demosthene

63 2283 227 2376 proedro,
257 2283 300 2352 de
331 2308 415 2376 pace
443 2312 462 2352 a
491 2288 608 2368 sociis,
642 2287 704 2378 qui
738 2285 807 2352 eius
833 2288 1015 2378 participes
1038 2310 1110 2354 esse

10 2436 12 2441 ,
64 2387 203 2470 vellent,
239 2388 394 2480 Philippi
426 2387 542 2478 legatis
573 2388 714 2455 iuranda
744 2405 855 2456 actum
884 2391 942 2456 sit:
976 2391 1038 2475 ἤδη
1075 2392 1111 2465 δὲ

64 2491 157 2578 ἡμῶν
181 2493 476 2579 κεχειροτονημένων
504 2495 553 2560 ἐπὶ
580 2493 655 2572 τοὺς
683 2491 812 2579 ὅρκους,
842 2492 928 2560 οὔπω
951 2494 987 2560 δὲ
1006 2492 1111 2582 dupp-

64 2596 165 2676 νότων
186 2598 234 2662 ἐπὶ
256 2598 315 2683 τὴν
334 2594 469 2685 ὕστερον
489 2599 665 2684 πρεσβείαν,
690 2597 833 2684 ἐκκλησία
853 2597 987 2684 γίγνεται
993 2648 1003 2679 ,
1034 2589 1112 2686 ἕνῇ

64 2700 278 2787 Δημοσθίνης
299 2698 316 2767 ὃ
336 2703 405 2770 4νονὶ
426 2707 607 2790 κατηγορῶν
628 2704 704 2788 ἐμοῦ
731 2692 875 2789 λαγχάνεὶ
903 2699 1109 2790 προεδρεῦειν.

64 2806 184 2873 Aese'h.
207 2835 240 2874 π.
262 2831 402 2895 παροπρ.
429 2831 464 2898 p.
492 2807 536 2896 39
562 2807 636 2875 init.
667 2822 702 2874 et
721 2807 935 2893 Δημοσθένης
960 2805 988 2873 δ’
1010 2808 1043 2875 ἐν
1064 2810 1111 2895 τῷ

65 2910 155 3002 δήμῳ
176 2910 348 3000 προήδρευε
368 2918 482 2979 τοῦτον
503 2914 561 2978 τοῦ
588 2910 689 2998 μηνός
711 2909 1034 3004 [Ἐλοφηβολιῶνος],
1067 2907 1111 2987 εἷς

64 3142 378 3166 m

107 3277 135 3365 *)
157 3271 278 3342 Praeter
298 3283 431 3364 Biagium
451 3280 489 3341 de
511 3280 623 3343 decret.
645 3282 751 3342 Athen.
771 3302 803 3365 p.
833 3279 1031 3359 ianetitus
1060 3299 1110 3343 so·

150 3369 206 3446 Ius,
229 3369 313 3452 quod
335 3368 473 3453 equidem
494 3369 564 3444 scio,
586 3368 651 3446 fuit,
674 3369 728 3453 qui
750 3365 900 3430 decretum
919 3369 976 3428 hoc
997 3383 1111 3430 senatus

152 3457 314 3516 consultum
329 3476 391 3517 esse
404 3457 501 3516 statuit
523 3451 609 3538 (Leg.
623 3455 683 3516 Att.
699 3455 750 3533 111,
776 3477 789 3515 ε
810 3477 842 3538 p.
859 3459 920 3536 ²7⁸
942 3449 1035 3541 sqq),
1057 3452 1111 3515 sed

151 3542 293 3625 postridie
331 3542 369 3603 ad
403 3543 547 3625 populum
585 3543 754 3619 serendum,
795 3540 834 3602 ad
868 3539 1112 3625 comprobandam

151 3651 256 3711 nempe
285 3652 364 3690 suam
394 3629 432 3704 de
464 3631 543 3693 statis
573 3631 602 3688 in
632 3651 751 3712 quaque
778 3631 908 3712 prytanis
930 3628 1112 3706 comitiorum
1206 3698 1208 3702 Α

152 3715 256 3778 diebus
279 3719 462 3798 opinionem,
489 3719 519 3775 in
548 3718 607 3776 hoc
632 3731 726 3776 tamen
754 3739 815 3799 quo
838 3738 937 3781 errore
959 3730 1060 3798 captus
1080 3736 1111 3774 v.

152 3826 199 3882 ap.
221 3803 391 3864 Sehdnrann.
414 3798 452 3862 de
474 3804 570 3864 'comit
600 3803 674 3880 tl,
705 3825 729 3862 c.
754 3804 802 3879 2,¹
819 3828 849 3884 p.
871 3801 925 3872 4ο.
970 3801 1110 3861 Corsinus

153 3883 201 3970 (F.
223 3891 259 3948 A.
282 3890 359 3949 Diss.
381 3891 432 3966 ΙΙΙ,
459 3885 511 3973 ¹7)
534 3907 563 3949 et
584 3889 702 3971 Taonr.
726 3883 799 3970 (not.
822 3889 859 3949 ad
879 3892 965 3950 Dem.
989 3887 1025 3946 de
1048 3908 1110 3947 cor.

152 4000 182 4056 p.
216 3971 292 4057 235)
321 3978 393 4040 Inter
412 3977 632 4059 'populiscitum
660 3992 834 4066 senatusque
862 3975 1023 4040 consultum
1052 3972 1109 4034 flu«

151 4078 257 4124 otunnt.
