2594 4672
588 261 747 372 „gas-

131 440 252 531 'utque
280 460 300 503 a
329 437 504 528 societate,
534 459 639 530 quam
666 432 983 529 perniciosissimam
1012 433 1079 500 sibi
1112 458 1190 533 moa

148 559 257 611 essent
278 541 462 634 experturi,
492 541 712 624 abstinerent,
740 538 949 634 cohortatum
977 550 1047 605 esse
1075 524 1211 611 refert'*

96 720 99 725 ,
145 644 233 714 Phil.
256 646 300 712 ΙΙ.
320 670 355 739 p.
379 668 430 734 70.
474 644 537 712 His
561 643 747 737 legatorum
775 643 912 711 monitis
942 641 1217 737 obtemperasse*

144 752 296 846 primum
328 749 473 816 civitates
508 747 583 816 illae
616 747 773 816 videntur
792 745 839 836 -(l.
868 771 897 814 c.
925 771 960 839 p.
992 749 1060 839 72).
1115 751 1194 835 Qua

98 885 100 888 ⁴
143 855 343 948 perterritus
365 851 561 946 Philippus,
591 851 711 921 cedere
737 851 1000 918 Atheniensibus
1030 854 1068 919 in
1090 878 1184 946 prae

143 959 250 1027 sentia
281 954 399 1024 maluit
427 972 460 1024 et
488 955 762 1051 operam-dabat,
790 972 828 1023 ut
856 979 974 1024 eorum
1002 957 1183 1027 amicitiant

143 1063 208 1132 sibi
220 1059 426 1140 conciliaret,
450 1077 482 1128 et
495 1062 663 1129 sociorum
678 1060 810 1128 tolleret
822 1060 1060 1153 suspicionem.
1105 1063 1185 1131 Mis·

144 1166 316 1258 sis‘igitur
336 1163 380 1231 ad
401 1164 620 1232 Athenienses
641 1165 758 1256 legatis
790 1164 1069 1256 conquerebatur,
1093 1166 1186 1259 quod

141 1272 264 1339 iniuste
286 1285 320 1337 ct
339 1267 497 1353 malevole
519 1267 610 1391 apud
621 1287 744 1367 ceteras
760 1269 923 1336 Graeciae
935 1270 1084 1337 civitates
1107 1296 1187 1340 con

141 1377 245 1453 tinnis
267 1397 338 1441 sese
371 1373 661 1442 criminatronibus
687 1392 986 1467 persequerentur,
1021 1379 1187 1466 quamvis,

142 1500 364 1574 quaecunque
385 1479 476 1570 pacis
497 1475 676 1546 servandae
699 1479 803 1568 gratia
825 1479 1008 1570 exigerent,
1030 1476 1188 1551 libentis·

136 1585 224 1652 sime
246 1583 294 1651 eis
316 1581 499 1676 gratificari
520 1580 628 1650 vellet.
674 1582 763 1649 Cum
776 1582 839 1650 hac
852 1581 1002 1675 Philippi
1016 1581 1187 1676 legatione

138 1689 341 1782 Argivorum
363 1708 498 1781 quoque
520 1703 554 1754 et
568 1688 815 1754 Messeniorum
836 1685 937 1778 legati
957 1687 1107 1756 Athenas
1131 1713 1187 1758 re·

137 1809 272 1873 nerunt,
296 1791 356 1884 qui
378 1790 599 1857 Athenienses
621 1807 822 1872 accusarent,
842 1788 939 1884 quod
960 1788 1186 1863 Lacedaemo-

118 1898 213 1978 niis,
226 1894 461 1988 .Peloponnesi
484 1893 749 1962 dominationem
774 1894 1004 1964 affectantibus
1022 1895 1184 1981 faverent,

27 2075 35 2090 .
137 2001 212 2067 aliis
244 2023 307 2092 pro
336 1998 491 2065 libertate
519 1998 722 2065 certantibus
749 2000 949 2067 resisterent.
999 2001 1065 2066 Per
1091 2000 1184 2070 hanc

135 2105 345 2173 'occasionem
377 2094 620 2169 Demosthenes
652 2103 838 2203 orationem
869 2104 942 2171 adv.
974 2101 1119 2197 Philipp.
1144 2107 1183 2174 11

137 2208 292 2285 habuisse
313 2206 421 2275 fertur
441 2207 582 2274 Libanio
605 2207 643 2272 in
665 2226 791 2298 argmto
813 2209 901 2285 hanc
927 2207 1042 2276 ador.
1088 2209 1182 2294 Quae

132 2316 196 2381 'etsi
220 2337 259 2380 ex
282 2314 432 2381 oratione
453 2314 527 2406 ipsa
558 2312 671 2378 minus
694 2310 864 2396 eluceant,
895 2312 969 2380 aliis
996 2330 1110 2382 tamen
1132 2332 1183 2382 te-

133 2419 298 2486 stimoniis
326 2434 372 2484 et*
391 2417 594 2509 argumentis
629 2417 842 2510 comprobari
873 2414 973 2484 facile
1003 2441 1103 2511 posse
1130 2421 1183 2488 vi·

132 2523 266 2591 dentur.
312 2520 353 2588 Id
385 2539 497 2589 tamen
523 2523 597 2614 ipsa
630 2544 767 2614 quoque
793 2521 896 2590 oratio
917 2522 1094 2591 manifesto
1117 2521 1182 2592 do-

126 2645 206 2708 cet,
239 2627 408 2692 recenseri
434 2626 473 2691 in
503 2648 541 2692 ea
563 2649 697 2706 omnes,
731 2650 812 2718 quas
833 2643 911 2718 post
930 2628 1038 2720 ipsam
1058 2628 1182 2720 pacem

133 2755 212 2798 cum
239 2728 500 2796 Atheniensibus
528 2727 650 2806 saeptam
677 2728 855 2823 Philippus
882 2730 1024 2799 iniurias
1053 2756 1182 2825 perpe-

131 2835 276 2906 traverit.
320 2833 413 2899 Tum
433 2855 510 2899 vero
538 2833 721 2901 orationem
751 2837 865 2902 coram
891 2833 1006 2928 legatis
1026 2835 1181 2904 habitam

131 2964 203 3010 esse
231 2955 398 3009 extremae
437 2937 543 3030 partis
576 2940 686 3006 verba
710 2936 801 3005 haud
839 2939 993 3030 ambigue
1024 2938 1180 3010 indicant

127 3044 229 3114 hacc:
260 3046 330 3132 περὶ
351 3044 409 3130 μὲν
437 3041 475 3130 δὴ
493 3047 567 3109 τῶν
592 3037 667 3126 ὑμῖν
687 3044 849 3129 πρακτέων
876 3047 961 3111 καθ’
980 3041 1083 3128 ὑμᾶς
1105 3044 1179 3112 οὗ·

128 3149 223 3225 τοὺς
248 3148 416 3235 ὕστερον
441 3145 743 3231 βονλεῶσεσθε,’ἂν
771 3153 967 3236 σωφρονῆτε·
1005 3145 1028 3213 ἃ
1057 3150 1092 3215 δέ
1119 3155 1178 3216 νῦν

114 3250 433 3337 ’ἀνοόκρινάμενον
454 3250 495 3320 τὰ
518 3252 616 3320 δέοντ’
637 3250 677 3320 ἂν
692 3251 767 3337 εἴητ’
788 3252 1061 3340 ἐψηφισμένοι,
1085 3253 1176 3320 τοῦτ’

126 3353 188 3444 ἤδη
219 3355 306 3437 tcto.
364 3355 575 3440 Quibuscum
603 3354 669 3424 hoc
703 3352 850 3447 denique
886 3353 1042 3448 quadrat,
1079 3355 1177 3450 quod

124 3459 374 3528 'Messeniorum
385 3460 663 3551 Argivorumque
675 3460 856 3554 praecipua
877 3460 917 3526 in
937 3461 1087 3528 oratione
1109 3460 1175 3553 hac

79 3624 80 3628 ,
127 3563 255 3632 mentio
278 3562 332 3644 fit,
361 3580 395 3630 et
424 3560 466 3632 de
487 3563 528 3632 iis
553 3579 632 3660 post
658 3554 845 3656 expositum
871 3587 908 3656 p.
940 3587 977 3655 7¹
1012 3565 1173 3634 orationis

114 3659 172 3738 ‘ud
198 3691 254 3737 eos
281 3666 430 3748 habitae,
468 3693 574 3762 quum
601 3666 802 3759 legationem
833 3668 871 3733 in
898 3667 1170 3760 Peloponnesum

98 3772 254 3864 '‘obiret,
284 3789 521 3866 argumentum
553 3789 664 3842 orator
690 3795 726 3863 p.
755 3794 797 3859 ρο
825 3771 909 3839 haec
937 3771 1049 3840 addit:
1084 3764 1169 3840 τοῦνι

95 3964 97 3968 i
123 3876 314 3954 declama
342 3877 447 3949 latinos
453 3927 463 3958 ‚
495 3879 545 3943 καὶ
566 3883 795 3964 θορυβοῦντες,
827 3872 870 3953 ὥς
900 3878 1009 3965 ὀρθῶς
1038 3879 1169 3964 λέγεται,

120 3983 175 4051 ’καὶ
195 3979 331 4056 πολλοὺς
359 3977 483 4066 ἑτέρους
510 3979 622 4068 λόγους
651 3979 737 4067 παρὰ
758 3986 821 4048 τῶν
841 3981 1011 4068 πρέσβεων,
1034 3983 1086 4047 καὶ
1108 4006 1172 4050 πα-

31 4158 32 4161 ,
123 4083 236 4175 ρόντος
257 4086 334 4178 ἐμοῦ
356 4080 407 4152 acti
429 4082 523 4153 πάλιν
546 4085 692 4174 ὕστερον,
728 4082 770 4164 ὡς
791 4085 904 4168 ἔοικεν,
937 4085 1027 4152 οὐδὲν
1047 4091 1171 4170 μᾶλλον
