2594 4672
62 441 134 511 οίιδὲ
161 444 193 508 ἓν
220 451 289 518 ταῖς
317 438 416 523 lton,
446 439 525 507 ὅπου
547 439 679 521 δυνατὸν
699 431 754 525 ἦν,
778 443 821 517 είς
842 435 956 507 ταῦτδν
977 440 1096 510 πανδο·

48 558 142 629 ικεῖον
175 544 351 624 καταλύειν,
399 541 568 631 δρῶντες
607 543 721 610 αὐτὸν
761 544 799 626 ὲν
837 550 885 632 τῇ
918 547 1096 640 ιπροτέρου
1169 556 1171 560 ’

60 651 257 739 πρεσβείᾳ
278 654 396 713 πᾶσιν
417 647 557 724 αὐτοῖς
579 646 945 730 ἐπιβεβουλευκότα.

148 754 317 842 Pergimus
348 751 505 818 continuo
529 748 571 814 ad
593 748 764 816 decretum
786 775 927 842 sequens
949 757 995 844 (p.
1019 753 1096 838 238)

61 859 103 924 de
138 856 279 924 excubiis
312 853 455 946 fugaque
478 877 514 919 ex
537 854 622 944 agris
646 853 855 946 capessenda.
900 855 1017 946 Itaque
1043 851 1096 922 le·-
1126 881 1132 888 ·

61 962 146 1054 gati,
169 963 220 1027 ius
241 947 431 1050 iurandum*
444 941 574 1050 pacis‘a
596 956 754 1051 Philippo
778 943 940 1041 exacturi,
969 961 1096 1053 Muny-
1192 1012 1195 1023 t

60 1065 182 1132 chione
216 1060 264 1128 III
306 1061 446 1126 Athenis
482 1060 624 1143 abeunt3
667 1079 878 1133 revertuntur
913 1062 1096 1155 Scirophc·

28 1200 31 1203 ·
59 1171 156 1239 rione
180 1166 278 1249 XIJI,
310 1161 524 1253 eiusdemque
546 1164 668 1230 mensis
691 1159 773 1231 XVI
800 1164 842 1230 ad
862 1164 1025 1257 populum
1047 1167 1096 1234 le.
1204 1218 1206 1222 ,

61 1269 202 1363 gatIonis
239 1283 394 1334 eventum
428 1269 636 1333 renunciant.
689 1267 732 1334 V.
765 1291 867 1359 supra
896 1295 930 1361 p.
963 1285 1020 1338 rot
1062 1286 1096 1339 et

65 1376 136 1442 105.
177 1372 226 1436 'In-
245 1370 360 1436 eadem
372 1371 544 1452 concione,
568 1395 674 1461 quum
686 1372 843 1440 nunciato
857 1373 926 1438 iem
942 1373 1094 1467 Philippi

61 1476 104 1544 ad
119 1473 359 1567 Thermopylas
389 1471 530 1567 adventu
557 1472 728 1541 decretum
750 1476 810 1555 sit,
840 1492 878 1540 ut
906 1477 1094 1547 Phocenses

61 1579 222 1671 templum
246 1578 451 1671 Delphicum
480 1578 783 1671 Amphictyonibns
807 1580 992 1662 restituant,
1015 1604 1096 1657 con-s

30 1680 32 1685 ’
60 1685 156 1751 tinuo
190 1707 322 1764 eorum,
368 1684 427 1775 qui
456 1680 555 1751 modo
589 1681 631 1749 de
659 1680 825 1774 legatione
850 1687 974 1751 reversi
1006 1702 1095 1768 eunt,

58 1786 228 1880 plerisque
250 1811 335 1855 nova
357 1786 400 1853 ad
421 1787 616 1880 Philippum
626 1786 748 1881 legatio
761 1784 1004 1880 demandatur.⁴
1026 1787 1096 1857 sed

58 1892 300 1959 Demosthenes
330 1889 529 1983 legationem
559 1894 680 1978 eiurat3
702 1891 884 1959 Aeschines
906 1891 1097 1961 valetudiue

59 1994 213 2064 simulata
234 1997 286 2062 sui
307 1996 382 2064 Ioco
404 1996 541 2064 fratrem
562 1997 743 2065 substituit.
786 1997 829 2081 V.
851 2020 954 2089 supra
973 2020 1008 2088 p.
1035 1997 1114 2065 105-.
1223 2058 1225 2063 ε

62 2118 95 2167 et
125 2103 194 2168 108.
241 2100 328 2167 cum
353 2100 418 2167 hoc
448 2102 565 2181 ceteri,
596 2103 660 2194 qui
688 2103 790 2169 creati
821 2119 917 2182 sunt,
943 2125 1007 2195 per
1027 2100 1098 2166 Eu-

60 2205 178 2272 boeam
207 2201 250 2269 ad
274 2200 516 2294 Thermopylas
543 2203 703 2286 tendunt3
748 2206 885 2270 interim
911 2228 988 2271 vero
1010 2205 1099 2272 Pha·
1159 2207 1162 2214 ’
1200 2248 1208 2264 1

59 2307 171 2374 laecus
195 2307 390 2399 Scirophor.
416 2306 533 2372 XXIII
557 2330 634 2372 cum
656 2304 814 2397 PhiIippo
836 2308 1030 2396 paciscitur,
1060 2322 1099 2376 nt

61 2411 128 2479 sibi
155 2411 299 2476 immuni
326 2410 417 2475 abire
438 2407 552 2490 liceat,
572 2408 633 2476 ille
656 2407 906 2500 Thermopylas
923 2426 956 2475 et
976 2403 1099 2479 Phociu

63 2515 143 2584 dem
171 2529 329 2607 occupet3
361 2538 428 2606 qua
461 2511 503 2578 de
537 2537 573 2579 rc
595 2503 851 2580 Atheniensium
871 2509 972 2614 legati
995 2513 1099 2581 Chal-

64 2618 148 2688 cide.
168 2619 325 2687 certiores
346 2616 446 2699 facti,'
467 2618 652 2709 interrupto
680 2633 818 2708 repente
840 2617 971 2700 itinere,
994 2619 1100 2687 Athe-
1140 2670 1143 2674 .
1240 2629 1245 2637 ‘

60 2747 121 2791 nas
130 2741 301 2817 repetunt,
314 2745 496 2812 eorumque
513 2720 674 2814 Dercylus
694 2719 1099 2813 Scirophorione‘XXVII

62 2827 267 2918 congregatis
293 2827 331 2893 in
363 2827 498 2894 Piraeeo
531 2825 789 2904 Atheniensibus
817 2844 929 2900 actum
957 2827 1026 2892 iam
1055 2826 1099 2895 de

62 2931 289 3000 Phocensibus
323 2953 391 2996 esse
421 2931 568 2998 nunciat
625 2932 699 3015 Qua
727 2953 765 2995 re
794 2928 907 2996 audita
926 2931 1099 3020 perterriti

62 3035 283 3103 Athenienses
306 3033 480 3116 continuo,
512 3034 578 3104 hoc
600 3051 648 3100 est
670 3056 708 3099 eo
730 3034 802 3125 ipso
837 3030 893 3098 die
931 3048 989 3098 aut
1010 3051 1128 3119 certe·

62 3141 212 3232 proxime
234 3139 434 3230 insequenti,
458 3135 662 3205 Callisthene
675 3152 808 3203 auctore
825 3135 1024 3202 decernunt:
1047 3139 1101 3204 nul

63 3246 179 3320 παῖδας
205 3245 255 3308 καί
284 3252 429 3328 γυναῖκας
458 3241 490 3310 ἔκ
518 3247 582 3308 τῶν
612 3240 715 3327 ἀγρῶν
742 3240 954 3324 κατακομίζειν
980 3241 1032 3308 καὶ
1051 3257 1102 3310 τα
1201 3291 1204 3297 -

64 3346 201 3435 φρούρια
233 3346 435 3428 ἐπισκευάζειν
473 3348 524 3413 καὶ
545 3343 611 3412 ’,τὸν
642 3346 778 3432 Πειραιᾶ
812 3345 948 3428 τειχίζειν
982 3345 1102 3412 καίτοι

59 3445 229 3537 Ἡράκλεια
250 3450 282 3518 ἓν
302 3450 387 3520 ἄστει
408 3449 506 3518 θείειν.
551 3449 646 3516 Dem.
669 3476 702 3515 π.
725 3474 863 3536 παραπρ.
884 3471 920 3538 p.
934 3447 998 3519 368
1021 3447 1100 3517 coll.

65 3553 140 3642 379,
182 3559 222 3620 V.
245 3579 270 3620 s.
297 3580 331 3646 p.
359 3555 420 3622 106
440 3578 488 3645 sq.
515 3575 575 3642 ¹⁰9
597 3576 646 3644 sq.
690 3551 742 3620 Eo
756 3552 836 3643 ¹ipso
858 3568 1008 3642 tempore
1020 3551 1101 3620 Phi·

63 3655 177 3750 lippus
206 3657 388 3725 Phocidem
408 3659 572 3749 ingressus
594 3656 704 3737 urbes,
727 3679 812 3747 quae
832 3656 983 3723 resistere
1004 3676 1103 3723 ausae

63 3778 163 3842 sunt,
184 3761 217 3827 vi
239 3763 329 3853 cepit
351 3778 384 3827 et
405 3763 538 3842 evertit,
559 3763 598 3827 in
619 3758 772 3852 reliquis,
795 3783 880 3852 quae
901 3757 1103 3852 spontedea

65 3861 229 3933 ditionem
241 3863 398 3945 fecerant,
416 3863 579 3957 praesidia
598 3864 779 3930 constituit.
797 3863 843 3936 V.
858 3887 882 3929 s.
896 3889 930 3954 p.
949 3863 1008 3930 113
1027 3883 1102 3954 sqq.
1200 3856 1203 3866 ’

68 4006 71 4011 «
151 3969 205 4037 De
226 3967 288 4036 illo
313 3966 526 4036 Callisthenis
550 3967 683 4060 decreto
711 3965 883 4035 manifesto
905 3964 1105 4034 Demosthe-
1152 4032 1154 4036 Α

64 4095 125 4142 nes
146 4095 195 4144 cr.
216 4070 349 4150 decor.
371 4095 406 4165 p.
429 4073 511 4163 237,
533 4072 799 4142 commemoratis
819 4071 914 4140 vanis
933 4067 1004 4141 illis
1023 4088 1104 4163 pro·
1140 4112 1144 4116 ·
