2580 4680
512 275 668 380 Q-

157 449 207 512 lta
236 467 314 510 saue
344 446 475 536 egregie
507 445 699 534 conspirant
726 441 852 523 omnia,
885 442 1022 533 ipsaque
1050 440 1108 508 illa

80 549 271 642 geminanda
309 571 452 617 coronae
486 547 686 639 praedicatio
721 546 900 611 certissime
933 546 1110 614 confirmat

81 654 104 722 d
128 652 223 747 quod
245 677 345 745 supra
374 653 566 733 statuimus,
599 649 838 719 Charidemum
861 667 894 717 ct
921 651 1110 718 Diotimnm

80 833 385 848 -———-—

160 951 204 1010 cle
227 950 313 1009 latum
336 950 371 1008 sit
399 944 506 1031 γνώμῃ
535 947 653 1028 βουλῆς
679 945 729 1009 ttnl
757 944 874 1029 δήμου,
906 950 1040 1029 alterum,
1073 952 1110 1012 de

162 1036 335 1096 Charidemo
358 1051 387 1096 et
423 1038 565 1113 Dionem,
593 1030 772 1116 πρυτάνεων
806 1029 958 1116 λεγόντων
996 1039 1113 1118 βουλῆς

159 1118 277 1204 γνώμῃ.
302 1156 345 1168 -
372 1121 497 1200 Βουλῆς
523 1115 630 1203 γνώμῃ
659 1122 733 1204 quid
754 1124 805 1198 sit,
837 1124 988 1185 clarissime
1019 1127 1114 1207 liquet

163 1235 198 1270 cr
228 1211 419 1292 psephismate
449 1210 662 1290 Aristophontis
694 1208 732 1268 de
763 1231 824 1269 cor.
855 1233 887 1291 p.
916 1214 990 1272 250.
1044 1213 1114 1273 Hoc

162 1300 238 1357 enim
265 1298 458 1378 conscriptum
484 1311 526 1356 est
557 1294 594 1355 de
621 1295 709 1356 rebus
737 1297 765 1355 in
796 1312 895 1356 senatu
921 1299 993 1358 actis
1019 1315 1048 1360 et
1076 1300 1114 1359 ad

162 1385 306 1467 populum
325 1383 500 1460 referendis,
528 1384 628 1465 itaque
649 1384 727 1442 iussu
757 1399 869 1443 senatus
890 1378 1016 1467 ipsoque
1037 1386 1116 1446 hand

163 1470 253 1531 dubie
275 1473 305 1530 in
327 1486 441 1547 senatu,
475 1493 563 1553 quem
593 1469 630 1528 de
658 1469 796 1552 eligendis
823 1468 861 1529 a‘d
881 1469 1049 1554 Philippum
1071 1474 1115 1532 le-
1238 1510 1240 1517 s

164 1561 236 1640 gatis
265 1575 394 1618 acturum
425 1579 600 1638 congregare
633 1557 702 1616 iussi
737 1572 885 1638 praetores
917 1573 1114 1641 prytanesque

165 1668 180 1703 a
209 1646 323 1727 populo
354 1660 434 1704 erant
464 1667 499 1704 ex
522 1643 638 1704 decreto
661 1642 785 1720 Eubuli,
816 1642 899 1726 quod
925 1645 1115 1706 inconcione

165 1733 252 1792 latum
274 1748 317 1791 est
338 1754 354 1790 a
376 1730 557 1812 praetoribus
579 1745 749 1804 convocata,
771 1746 800 1789 et
821 1731 901 1789 illum
922 1733 1117 1816 Aristophon-

167 1823 203 1879 tis
235 1820 364 1878 libellum
392 1820 421 1877 in
452 1842 495 1878 or.
528 1817 565 1878 dc
594 1839 653 1877 cor.
680 1817 837 1898 praecedit.
891 1817 1007 1879 Libello
1028 1821 1116 1902 igitur

167 1909 220 1966 isto
243 1907 429 1988 Aristophon,
450 1905 593 1988 proedrus
614 1925 675 1965 nou
697 1903 875 1982 contribulis,
902 1906 982 1965 iussu
1002 1922 1117 1967 senatus

84 2038 89 2046 ·
166 1994 204 2054 ad
225 1994 368 2075 populum
388 1993 486 2068 refert,
508 2008 634 2053 senatum
654 1993 729 2050 iussa
750 1992 854 2073 populi
868 2007 1033 2052 exsecutum
1045 2016 1117 2054 esse.

167 2085 266 2162 Atque
289 2081 316 2138 in
340 2077 483 2140 eiusmodi
504 2095 617 2139 senatus
639 2080 707 2138 actis
729 2095 758 2139 et
779 2079 899 2160 placitis,
920 2078 958 2139 ad
974 2080 1119 2162 populum
1157 2095 1160 2100 “

166 2166 334 2243 referendis,
357 2168 449 2225 omitti
460 2167 541 2226 etiam
552 2180 665 2246 poterat
676 2167 714 2241 is,
737 2167 789 2246 qui
800 2165 969 2226 conficiebat
979 2166 1119 2246 libellum,

169 2257 282 2336 qnippe
305 2255 357 2335 qni
378 2276 432 2312 nec
453 2266 555 2333 sponte
578 2273 719 2322 eumxnec
741 2251 829 2310 solam
850 2274 930 2311 suam
951 2255 981 2312 in
1003 2275 1118 2315 eoseu-

169 2343 284 2400 tentiam
312 2340 521 2420 conscripserit.
564 2336 717 2398 Eiusmodi
750 2336 898 2397 decretum
920 2353 964 2398 est
984 2339 1057 2398 illud
1079 2340 1118 2401 de

170 2428 292 2487 induciis
320 2448 336 2486 a
368 2426 504 2507 Philippo
531 2423 664 2506 petendis
693 2423 714 2482 l.
738 2421 775 2482 de
797 2444 857 2482 cor.
879 2446 911 2505 p.
934 2428 1006 2484 282.
1052 2426 1120 2487 Hoc

170 2515 289 2596 quidem
319 2514 512 2594 conscriptum
541 2527 584 2571 est
599 2510 716 2589 βουλῆς
736 2505 787 2569 καὶ
798 2511 981 2591 στρατηγῶν
1000 2506 1119 2596 γνώμῃ.

170 2602 323 2661 Praetores
349 2601 440 2676 enim,
472 2599 504 2657 id
536 2597 620 2681 quod
647 2596 753 2658 lactum
780 2598 863 2657 etiam
896 2613 939 2657 est
968 2599 999 2657 in
1025 2621 1059 2659 re
1087 2624 1119 2683 p.

172 2691 235 2748 250
258 2690 357 2764 relata,
384 2687 529 2769 congressi
550 2707 614 2745 cnm
635 2700 736 2745 senatu
756 2699 852 2760 erant,
873 2685 970 2746 audita
990 2685 1121 2770 Philippi

171 2778 375 2856 impressione,
403 2772 440 2832 de
462 2773 593 2854 periculo
615 2773 733 2832 civitatis
762 2771 957 2833 deliberattui.
1003 2773 1122 2834 Conve-

172 2878 312 2943 neratque
334 2863 408 2920 inter
430 2882 496 2935 eos,
525 2876 557 2920 ut
578 2859 664 2941 legati
692 2857 870 2918 induciarum
891 2881 975 2920 eausa
996 2860 1034 2920 ad
1050 2862 1122 2920 Phi-

170 2949 493 3030 lippummitterentur,
516 2947 569 3028 qui
590 2947 645 3027 ipsi
666 2947 767 3017 etiam,
794 2961 827 3004 ut
848 2945 981 3022 videtur,
1002 2948 1033 3006 in
1055 2949 1120 3028 ipso

172 3052 272 3095 senatu
293 3035 380 3094 creati
402 3049 485 3093 sunt:
508 3025 670 3115 ᾑρέθησαν
699 3029 731 3091 ἐκ
762 3033 831 3110 τῆς,
849 3032 976 3108 βουλῆς,
1000 3054 1036 3092 ex
1058 3035 1122 3094 solo

174 3137 282 3195 senatu,
305 3143 395 3202 quum
417 3142 452 3179 cx
474 3121 563 3180 altero
586 3119 718 3192 decreto,
741 3117 824 3198 quod
845 3116 918 3175 illud
939 3119 1055 3200 excipit,
1076 3120 1121 3180 le-

173 3210 232 3290 gati
260 3208 320 3267 dno
343 3230 378 3267 ex
405 3207 584 3267 senatoribus
605 3205 692 3265 creati
714 3205 785 3279 siut,
812 3218 841 3262 ct
870 3224 976 3284 praeco
1002 3226 1038 3265 ex
1065 3229 1125 3289 po-¹

172 3296 257 3377 pulo.
301 3293 377 3354 lllud
399 3309 564 3376 praetorum
585 3306 758 3372 senatusque
780 3289 915 3372 placitum
928 3293 1125 3375 couscriptum

172 3405 189 3441 a
210 3380 339 3464 proedro
361 3403 413 3441 seu
434 3395 564 3440 senatore
587 3376 713 3461 quodam
736 3392 795 3454 est,
822 3392 853 3437 ut
874 3378 988 3459 populo
1010 3401 1125 3463 propo·

172 3484 300 3544 neretur,
321 3483 382 3530 tum
404 3469 541 3528 concione
563 3465 636 3526 sacta
655 3466 805 3526 recitatum
827 3477 856 3524 et
881 3484 899 3522 s
919 3466 1032 3547 populo
1055 3488 1127 3526 con-

175 3558 323 3616 firmatum.
386 3555 428 3614 lta
459 3568 607 3634 praetores
642 3568 671 3612 et
704 3567 817 3611 senatus
846 3551 959 3631 populo
994 3568 1128 3613 rumores

174 3643 246 3702 liunt
268 3641 377 3702 decreti
399 3641 436 3700 de
458 3641 556 3722 legatis
583 3638 622 3701 ad
643 3638 813 3719 Philippum
839 3637 1018 3698 induciarum
1044 3659 1128 3698 causa

173 3726 333 3800 mittendis;
355 3728 433 3787 unde
451 3729 576 3810 praeseri
599 3742 659 3785 tum
672 3726 791 3786 decreto
810 3739 853 3784 est
874 3725 1057 3804 στρατηγῶν
1076 3723 1129 3785 καὶ

172 3816 289 3892 βουλῆς
315 3807 422 3897 γνώμῃ
443 3846 487 3860 -
514 3811 666 3891 δεδοχθαι
694 3811 734 3894 τῇ
761 3811 860 3893 βουλῇ
886 3808 937 3870 καὶ
958 3813 1004 3893 τῷ
1025 3805 1126 3915 dq'nqt,

105 3964 108 3971 ,
173 3903 257 3961 sicuti
279 3901 307 3960 in
329 3903 462 3982 sequenti
484 3900 521 3960 de
544 3899 667 3960 induciis
687 3899 806 3958 decreto
828 3891 1027 3977 πολεμάρχω
1047 3916 1129 3977 γνω-

173 4010 230 4070 μῃ,
255 3987 367 4069 quippe
389 3989 470 4047 cuius
490 4002 590 4048 auctor
611 3987 728 4068 populo
750 3985 841 4045 lectus
861 3986 897 4044 sit
918 3985 1128 4066 polemarchus.

170 4074 284 4145 ,Contra
315 4072 493 4139 Callisthenis
522 4071 673 4141 decretum
705 4069 745 4135 tle
773 4069 902 4136 excubiis
933 4069 1063 4156 iugoque
1094 4091 1129 4130 ex
