2594 4672
672 215 735 283 aas

628 308 782 320 *nn-¹·—

415 474 636 592 Caput
716 505 994 564 sextum.

192 639 282 754 Quo
313 683 469 752 tempore
497 638 595 742 aetio
622 667 657 725 in
680 663 954 748 Ctesiphontem
976 661 1021 722 ab
1044 661 1240 723 Aeschine-

236 777 417 841 t'nst'tnta‚
440 794 509 855 qno
524 784 614 855 post
636 772 671 828 in
693 770 871 828 indicium
894 760 1079 837 deducto,
1102 783 1235 829 etcer-

202 892 353 938 ‘··tamen
375 875 419 934 de
441 883 575 935 corona
596 875 694 933 inter
714 869 991 934 Demosthenem
1014 886 1048 931 et
1063 871 1233 932 Aeschi-

236 1002 312 1042 nem
335 994 455 1039 aetum
476 981 543 1049 sit,
565 978 836 1057 investigator.

205 1216 209 1222 ·
224 1177 244 1227 ἶ·
280 1182 432 1273 Exposita
454 1205 560 1273 usque
583 1179 625 1246 ad
637 1178 807 1272 proelium
822 1179 1053 1244 Chaeronense
1076 1180 1237 1250 universa

194 1306 252 1353 sna
273 1288 321 1351 rei
342 1284 497 1376 publicae
524 1283 821 1378 administratione,
845 1282 1082 1348 Demosthenes
1106 1286 1238 1351 oratio-

195 1392 247 1455 nis
270 1389 311 1454 de
334 1385 399 1457 eor.
423 1415 457 1480 p.
481 1391 544 1456 310
567 1405 642 1480 post
664 1385 791 1453 cladem
809 1388 1150 1477 acceptameontinuo
1176 1385 1239 1452 ad-

194 1490 351 1561 versarios
371 1516 462 1559 *suos
496 1509 586 1558 tanta
619 1493 654 1556 in
689 1515 723 1556 se
743 1484 959 1556 'vehementia
985 1508 1055 1555 esse
1082 1491 1238 1558 invectos

195 1597 306 1678 refert,
331 1614 368 1661 ut
389 1618 514 1661 nomen
536 1620 633 1661 suum
656 1596 773 1685 primis
796 1597 939 1659 maxime
961 1612 1037 1684 post
1059 1619 1133 1663 eam
1151 1614 1239 1661 tem·

193 1700 333 1793 poribus
355 1700 391 1763 in
415 1697 484 1764 dies
512 1698 581 1763 iere
611 1701 771 1788 omnique
804 1697 1007 1763 indiciorum
1037 1722 1160 1788 genere
1193 1698 1251 1764 ad·

195 1805 320 1870 indices
343 1802 536 1868 deferretur.
584 1799 652 1874 Sed
680 1798 837 1892 perieulis
858 1801 926 1877 his,
950 1818 1021 1865 tnm
1043 1803 1106 1867 sibi
1129 1794 1246 1868 male-³

193 1907 268 1974 vole
288 1906 432 2001 struetis,
455 1906 609 1970 omnihus
622 1926 699 1969 cnm
726 1930 745 1970 a
765 1905 892 1996 populo
904 1920 975 1968 tum
998 1911 1037 1970 ab
1059 1904 1250 1971 iudicibus·

196 2011 327 2103 egregie
350 2008 535 2074 ahsolutum
563 2032 598 2072 se
620 2007 864 2111 liberatumque
887 2007 1063 2098 gloriatur,
1084 2024 1117 2076 et
1136 2023 1248 2099 post·-

197 2107 300 2207 qn‘am
329 2111 487 2204 glorietus
515 2128 580 2192 est,
610 2114 767 2178 continuo
801 2111 919 2178 τούτων
947 2107 1001 2177 οὖν
1023 2113 1120 2190 οὕτως
1141 2111 1243 2196 hadr--

163 2263 167 2271 -
195 2236 273 2300 eote,
307 2217 370 2297 ait,
398 2219 431 2282 τί
449 2221 603 2303 προςῆκον
628 2215 648 2300 ἢ
670 2218 704 2281 ‘ei
724 2219 841 2281 δίκαιον
861 2210 900 2300 ἦν
921 2226 986 2292 τοῖς
1006 2213 1058 2281 ὑπ’
1078 2220 1154 2300 ἐμοῦ
1175 2242 1250 2282 πε·-

74 2327 78 2334 ’
110 2394 112 2404 Ι
195 2321 384 2410 πραγμίνοις
403 2316 522 2386 &dodon
544 2319 611 2385 τὸν
632 2318 897 2406 Κτησιφὶῖντα
925 2319 1033 2402 ὄνομα·
1057 2319 1116 2402 οὐχ
1137 2318 1155 2383 ‘d
1178 2319 1247 2386 ehr-

108 2459 112 2464 ’
196 2422 599 2511 δῆμονήὲώρατιθέμενον,
636 2423 692 2506 οὐχ
714 2422 731 2486 ὃ
753 2422 825 2497 τοὺς
847 2421 1051 2506 ὀμωμοκότας
1072 2423 1233 2505 δικαστάς,

196 2528 254 2612 οὔχ
275 2527 292 2592 ὃ
314 2526 372 2611 τὴν
392 2526 543 2610 ἀλήθειαν
562 2524 650 2612 παρὰ
670 2524 745 2591 udor
766 2531 971 2610 βεβαιοῦσανς

233 2668 236 2673 -
283 2627 372 2693 Haec
400 2626 443 2691 ad
470 2627 694 2719 Ctesiphontis
711 2626 896 2694 'decretum
922 2624 1074 2722 spectant
1103 2630 1146 2695 de
1178 2654 1237 2698 co·

196 2729 347 2798 ronando
370 2731 605 2810 Demosthene,
627 2752 757 2822 enque
779 2750 947 2799 certamen
968 2736 1064 2800 -inter
1085 2733 1236 2801 celeber·

195 2837 299 2902 rimos
328 2851 471 2902 oratores
507 2834 760 2902 celeberrimum
790 2834 833 2901 de
867 2860 989 2904 corona
1012 2836 1151 2906 initium
1180 2854 1251 2906 σοι’

194 2941 283 3033 pisse
306 2957 447 3020 constat,
480 2955 556 3031 post
586 2937 714 3004 cladem
746 2939 904 3005 Graeciae
930 2940 977 3033 Ιειᾶ
1005 2941 1235 3010 Chaeroneam

142 3041 144 3045 ⁴
195 3042 331 3123 factam,
366 3061 404 3109 ut
436 3067 473 3108 ex
506 3042 777 3109 antecedentibus
811 3041 929 3134 liquet.
989 3035 1234 3113 Demosthenes

196 3149 305 3227 enim,
336 3172 441 3238 quum
470 3145 586 3214 eodem
617 3164 766 3238 tempore
799 3150 970 3215 moenium
999 3167 1134 3217 curator
1156 3152 1234 3240 (τει-

145 3321 148 3329 ,
193 3250 338 3336 χοποιός)
362 3250 461 3315 simul
485 3268 564 3332 erat,
588 3275 606 3314 a
628 3252 719 3316 trihu
741 3275 798 3317 sua
821 3268 958 3333 oreatus,
981 3271 1014 3321 et
1036 3253 1145 3321 delata
1168 3256 1234 3321 sibi

197 3381 216 3420 a
236 3351 364 3445 populo
395 3346 535 3419 theorici
557 3340 843 3444 administratioue
865 3354 1081 3446 fungebatur,
1110 3358 1234 3424 exhau-

156 3467 158 3471 ’
197 3458 253 3525 stis
275 3455 419 3548 publicis
446 3458 597 3548 pecuniis
634 3457 676 3530 de
703 3459 842 3549 proprio
870 3459 907 3523 in
934 3484 1048 3527 muros
1078 3463 1235 3529 reficien-

195 3560 261 3628 dos*
278 3561 340 3626 tria
362 3558 483 3626 talenta
504 3559 678 3650 impendit,
702 3579 735 3627 et
749 3560 955 3652 singularum
972 3565 1120 3632 tribuum
1139 3567 1235 3634 theo-

194 3663 277 3748 ris*)
315 3661 357 3743 ad
391 3663 556 3731 sacrificia·
588 3664 740 3732 facienda
777 3665 884 3732 minas
920 3664 1050 3733 addidit
1085 3688 1233 3738 eentum.

196 3861 506 3878 W

237 3993 265 4078 Ἴ
282 3993 507 4069 Ἐπὲδωκετοῖς
519 3994 551 4059 ἐκ
561 3999 670 4093 noodr
680 3999 743 4063 τῶν
764 4001 871 4085 φυλῶν
885 4003 1052 4086 &corpote
1072 4024 1129 4086 pro
1146 4004 1219 4067 θεω
