2594 4672
614 277 679 347 rto

131 452 345 544 rophorione.
391 450 490 535 Quod
512 451 540 515 si
564 474 677 516 verum
700 466 763 527 est,
787 466 823 515 nt
846 466 910 526 est,
939 470 1049 540 neque
1075 447 1171 518 ‘Eue-

96 636 99 640 ‘
130 560 325 641 τομβὰιῶνος
357 557 394 620 in
423 579 461 620 ea
493 553 709 645 legi-potest,
742 550 801 619 sed
822 548 1020 618 servandum
1050 555 1171 648 utique

132 678 182 727 est
202 661 454 744 Βοηδρομιῶνος,
488 657 525 723 id
548 656 640 748 quod
666 659 780 749 ipsum
806 655 936 723 idoneis
965 661 1172 749 argumentis

131 766 168 829 in
197 752 430 855 superioribus¹
456 761 687 828 confirmatum
712 777 769 826 est.
825 757 908 824 Inde
938 760 1031 851 quod
1053 784 1177 831 conces

132 891 240 959 quens
271 867 329 949 sit,
350 888 411 956 per
432 889 467 930 se
496 882 600 956 patet:
631 888 752 955 nempe
783 888 855 929 cam
884 861 1037 958 Philippi
1065 885 1174 934 aetate

131 971 311 1039 obtinuisse
334 967 424 1060 apud
446 966 644 1034 Macedones
666 967 824 1034 fastorum
847 969 1018 1047 rationem,
1043 993 1080 1034 ex
1104 997 1174 1063 qua

131 1075 220 1141 Lous
250 1070 474 1138 Macedonum
501 1073 611 1139 Attico
635 1071 869 1138 Boedromioni
890 1071 1120 1164 responderit,
1155 1082 1175 1140 a

131 1177 312 1244 recentiori
341 1174 400 1240 illa
421 1199 556 1268 prorsus
579 1173 757 1256 diversam,
786 1177 853 1239 sive
875 1174 956 1241 haec
979 1176 1175 1246 Alexandro

58 1334 64 1345 ,
132 1282 199 1346 iam
220 1297 380 1370 regnante
408 1276 602 1359 invaluerit,
632 1290 717 1371 qnae
745 1295 794 1344 est
820 1275 1040 1369 plurimorum
1071 1283 1176 1350 chro-

131 1381 331 1474 nologorum
344 1385 471 1473 opinio,
494 1407 562 1462 scu,
578 1382 671 1474 quod
687 1381 746 1448 alii
758 1399 913 1463 statuunt,
936 1401 1011 1474 post
1026 1403 1175 1455 aetatem

131 1480 208 1553 Iulii
224 1487 388 1567 Caesaris,
405 1511 514 1579 quum
535 1510 664 1552 menses
683 1484 903 1566 Macedonici,
926 1505 999 1553 ante
1023 1487 1187 1571 lunares,¹

130 1593 168 1657 in
190 1589 313 1657 solares
335 1592 452 1656 mutati
475 1592 551 1656 sint.
597 1591 638 1655 V.
663 1590 786 1656 ldeleri
807 1590 980 1656 Enchirid.
1005 1590 1172 1664 Chronol.

130 1695 207 1763 Vol.
231 1696 257 1760 Ι.
274 1721 313 1788 ¹p.
336 1695 399 1779 aloa
423 1719 497 1786 sqq.
533 1694 685 1760 Boeclth.
713 1694 750 1758 in
778 1693 977 1785 Appendice
1005 1695 1049 1760 ad
1078 1722 1175 1764 com-

130 1815 266 1866 mentat.
304 1800 434 1891 saepius
469 1815 684 1864 memoratam
719 1795 761 1863 dc
802 1820 850 1863 cr.
882 1796 966 1864 Mid.
996 1799 1034 1864 in
1074 1802 1172 1869 Actis

130 1900 234 1968 Acad.
258 1900 367 1967 Berol.
390 1902 430 1967 A.
459 1904 646 1989 1818-19
693 1899 743 1966 Cl.
766 1901 878 1967 histor.
908 1899 1025 1992 philol.
1055 1929 1089 1994 p.
1113 1903 1170 1993 94.

131 2005 175 2070 Et
197 2003 391 2069 Plutarchus
413 2003 588 2081 manifesto
619 2029 659 2068 ex
688 2005 874 2071 recentiore
908 2006 969 2072 ista
991 2007 1180 2074 Fastorum

121 2096 260 2175 ‘ratione
282 2106 458 2187 Daesium‚
488 2131 556 2199 quo
588 2132 699 2200 pugna
728 2112 772 2174 sit
799 2107 842 2174 ad
866 2107 1049 2174 Granicum
1072 2131 1166 2175 com-

130 2212 240 2292 missa,
265 2210 394 2278 confert
414 2213 526 2278 Attico
548 2211 766 2301 Thargelioni
787 2214 823 2277 in
844 2212 935 2278 Alex.
960 2237 987 2278 c.
1016 2211 1062 2278 16.
1086 2211 1167 2280 coll.

133 2315 265 2382 Camill.
279 2339 307 2381 c.
326 2338 372 2404 19,
385 2317 423 2380 in
439 2340 505 2406 quo
519 2341 593 2381 eum
610 2318 761 2407 sequitur
772 2315 931 2381 Aelianus
948 2318 985 2381 in
997 2317 1075 2382 Var.
1087 2317 1168 2385 hist.

132 2420 175 2501 ll,
200 2424 251 2501 25,
275 2420 454 2486 ext-cadem
482 2444 596 2485 rursus
625 2419 847 2485 Alexandrum
881 2420 1171 2489 Hecatombaeone

130 2508 244 2589 natum
273 2522 370 2608 dicit,
403 2549 504 2615 quem
536 2525 642 2589 Loum
678 2523 849 2616 appellent
881 2522 1101 2606 Macedones,
1131 2527 1170 2592 in

130 2613 222 2691 Alex.
245 2649 274 2690 c.
298 2627 334 2704 3,
368 2627 403 2692 in
428 2650 493 2717 quo
523 2627 595 2717 ipso
619 2645 728 2692 tamen
759 2629 801 2694 oh
833 2646 961 2720 tempus
992 2629 1107 2695 aetatis
1136 2647 1171 2697 et

15 2758 18 2763 ·
97 2772 100 2776 ι
130 2729 247 2794 mortis
272 2725 460 2809 Alexandri,
484 2729 575 2820 quod
598 2733 722 2822 optimc
745 2748 881 2812 constat,
904 2732 968 2797 alia
990 2733 1079 2799 inest
1101 2733 1171 2799 dif-

26 2862 33 2879 ι
131 2830 271 2911 ficultas,
295 2829 446 2898 nondum
468 2834 546 2906 satis
569 2857 709 2914 excussa,
732 2834 773 2901 de
796 2840 860 2926 q'ua
881 2861 910 2902 v.
934 2832 1052 2901 ldeler.
1076 2835 1100 2902 l.
1124 2861 1169 2919 c.,

131 2957 235 3028 quum
259 2937 354 3001 nobis
377 2933 419 3000 dc
441 2960 479 3001 ea
501 2934 670 3028 disputare
692 2963 762 3005 non
782 2940 881 3005 huius
909 2937 976 3004 loci
1003 2937 1168 3006 videatur.

130 3077 175 3092 -
198 3042 289 3122 Quae
312 3041 483 3131 qnnmita
506 3042 582 3120 sint,
606 3041 754 3108 concidit
775 3041 811 3108 id
828 3045 938 3123 etiam,
961 3040 1052 3135 quod
1068 3068 1170 3135 prae-

131 3160 218 3211 terea
241 3145 430 3210 coniectura
452 3168 511 3211 sua
533 3164 694 3212 assecutus
717 3147 781 3213 sibi
806 3146 980 3214 videbatur
1003 3147 1169 3216 Corsinus

130 3246 183 3336 (F.
204 3249 245 3313 A.
267 3246 343 3314 vot
368 3248 448 3339 tp.
477 3250 535 3334 ¹4⁰
558 3252 647 3342 sqq.)
654 3301 664 3331 ,
684 3276 809 3345 'nempe
832 3249 1043 3317 Corinthium
1066 3276 1170 3318 men-

129 3375 200 3418 sem
220 3353 414 3432 Panemnm,
438 3354 492 3417 cui
510 3353 690 3446 >Philippus
711 3356 749 3420 in
770 3354 885 3422 eadem
903 3351 1042 3446 epistola
1054 3355 1168 3424 Loum

129 3453 293 3534 conferat,
328 3455 439 3523 Attico
462 3456 740 3524 Hecatombaeoni
761 3456 980 3552 respondisse.
1025 3457 1167 3526 Etenim

129 3549 381 3625 Corinthiorum
415 3560 577 3626 Panemus
606 3562 840 3652 Metagitnioni
871 3559 1083 3654 respondisse
1112 3565 1166 3631 vi·

127 3659 241 3741 detur,
265 3660 319 3725 cui
341 3662 563 3754 respondebat
584 3666 758 3731 Boeoticus
780 3667 943 3731 Panemus
976 3665 1165 3736 seeundum

125 3764 213 3833 Plut.
248 3762 382 3830 Camill.
416 3789 445 3831 c.
479 3789 536 3856 19,
570 3784 603 3833 et
633 3771 737 3834 etiam
760 3765 1007 3851 Macedonicus,
1030 3771 1164 3864 quippe

125 3872 186 3964 qui
208 3869 316 3937 Loum
337 3868 522 3958 praecedat,
546 3895 585 3936 ex
606 3869 746 3963 epistola
758 3870 908 3966 Philippi
921 3872 1162 3943 Boedromioni

122 3969 389 4064 respondentem.
433 3972 497 4039 Sin
530 3992 639 4041 autem
667 3977 704 4040 in
737 3976 876 4068 epistola
903 3974 1051 4068 Philippi
1073 3979 1162 4048 Boe-

122 4073 291 4146 dromioni
313 4075 505 4168 respondet,
528 4079 598 4146 eins
619 4075 715 4165 nulla
735 4081 833 4148 statui
853 4095 962 4172 potest
983 4103 1081 4152 eausa
1102 4107 1160 4154 ve·
