2594 4672
467 253 717 355 n...

122 401 281 515 diemque
302 417 500 485 mutandum
529 410 714 500 censuerit,
736 415 874 485 omnino
895 403 1165 484 addubitandan

123 543 181 593 est
237 522 336 607 Quod
370 524 462 590 enim
496 523 632 615 utrique
661 519 863 601 statuerunt,
896 514 1068 585 decretum
1101 519 1165 588 hoo
1203 598 1206 605 ¹

2 682 9 691 ,
123 627 166 697 de
195 629 386 718 σκεναγονγίᾳ
420 619 541 694 eodem
570 623 642 706 die,
675 647 744 718 quo
780 620 962 714 Dercylus,
1004 619 1167 690 Chalcide

123 735 272 813 veniens,
295 730 503 822 congregatis
524 730 563 797 in
583 729 701 796 Piraeo
717 725 983 795 'Atheniensibus
1004 727 1169 794 nuncium

38 865 40 870 ·
123 835 166 902 de
187 832 323 925 prodita
352 858 370 897 a
391 831 553 923 Philippo
574 830 797 899 Phocensium
826 826 932 895 salute
954 826 1122 909 attulerit,
1142 829 1167 898 ἰ.

123 963 152 1004 e.
199 932 472 1026 Scirophorionis
496 934 629 1002 XXVII
649 934 755 1003 latum
776 953 856 1012 esse,
878 928 917 997 id
938 929 1048 998 adhuc
1069 929 1166 1026 valde

122 1057 234 1133 potest
254 1041 293 1106 in
314 1035 560 1106 dubitationem
585 1038 706 1108 vocari.
749 1033 791 1103 Id
820 1031 913 1127 quod
940 1036 1166 1104 recentissime

36 1163 41 1172 ”
123 1143 249 1211 factum
271 1164 405 1235 quoque
435 1164 454 1206 a
475 1139 630 1209 Weisldo
657 1158 708 1209 est
735 1138 793 1229 (de
815 1137 1009 1233 Hyperbole
1032 1139 1085 1206 III
1092 1189 1104 1221 ,
1124 1133 1165 1232 p.

129 1249 170 1315 18.
191 1246 293 1339 sqq.),
315 1244 375 1336 qui
389 1243 427 1309 in
439 1243 551 1336 primo
565 1242 704 1337 quidem
722 1242 858 1313 decreto
870 1239 1169 1335 Elaphebolionem

125 1373 188 1442 pro
213 1347 503 1417 Hecatombaeone
531 1346 805 1415 subsistuendum
824 1369 895 1414 esse
924 1369 994 1414 non
1023 1344 1169 1432 dubitat,

8 1504 13 1521 Α
104 1454 164 1520 ·in
186 1449 288 1519 altero
310 1469 436 1533 autem,
469 1452 499 1519 si
526 1453 691 1546 oratorius
720 1448 881 1519 narrandi
906 1447 1025 1518 modus
1056 1451 1171 1525 obser-

125 1575 231 1638 vetur,
253 1574 404 1649 tempora
424 1578 487 1648 pro
516 1549 659 1624 consilio
684 1553 896 1644 ὑπερβολικῶς
920 1550 972 1633 vel
994 1553 1171 1621 extrahens

125 1655 180 1727 vel
203 1659 412 1749 contrahens,
434 1660 557 1728 servari
576 1657 756 1728 lectionem
769 1682 870 1751 posse
889 1659 1056 1752 opinatur.
1102 1649 1174 1750 Hy-

126 1763 299 1859 perbolice
328 1763 422 1832 enim
451 1763 638 1832 Phocenses
661 1760 717 1830 Ol.
742 1763 871 1845 CVIII,
894 1786 915 1830 a
937 1761 1174 1854 Scirophorio-

70 1947 72 1950 y
104 1870 181 1937 ,nis
202 1867 269 1952 ¹die
298 1867 419 1935 XXIII
445 1867 584 1959 periisse
614 1864 698 1947 dici,
731 1866 798 1935 hoc
828 1864 966 1960 quidem
996 1864 1069 1947 die,
1105 1852 1172 1960 quo
1207 1956 1213 1963 ¹

128 1970 309 2039 Phalaecus
337 1987 452 2062 pactus
480 1969 546 2044 sibi
575 1971 618 2037 sit
644 1969 791 2037 liberum
820 1970 1021 2065 aPhilippo
1050 1969 1177 2038 disces-

128 2072 220 2160 sum,
251 2086 459 2168 expugnatas
479 2090 589 2141 tamen
612 2074 835 2143 Phocensium
856 2076 955 2142 urbes
979 2095 1174 2167 aversusque

93 2203 95 2206 ⁴
131 2177 267 2253 demum
289 2200 358 2245 esse
382 2176 519 2270 Olymp.
543 2173 657 2246 CVIII
664 2229 674 2262 ,
702 2181 860 2250 dmense
879 2178 1172 2260 Maemacterione,

130 2280 217 2350 facto
245 2299 340 2350 antea
367 2282 671 2375 Amphictyonum,
709 2284 873 2376 quitum
902 2300 992 2349 extra
1020 2281 1176 2349 ordinem

131 2387 323 2478 congregati
337 2405 456 2470 essent,
479 2385 628 2472 decreto,
652 2410 719 2480 quo
736 2386 872 2454 demum
888 2403 1058 2478 comperto
1071 2385 1177 2452 Athe-
1222 2474 1225 2480 ἢ

130 2492 183 2558 nis
204 2491 320 2585 fugam
346 2488 442 2558 illam
470 2513 511 2560 ex
542 2493 630 2584 agris
659 2489 793 2562 decreto
816 2489 1029 2561 Callisthenis
1052 2491 1206 2557 iussam·

133 2619 203 2666 esse
224 2596 274 2688 (p.
298 2600 361 2679 ao).
739 2613 741 2620 ’
776 2667 788 2676 x

88 2712 116 2763 .’
220 2697 365 2791 Egregia
393 2720 473 2765 sane
499 2696 668 2768 sententia'
690 2717 725 2768 et
754 2723 841 2794 quae
870 2696 915 2766 ad
943 2693 1177 2790 explicandam

133 2801 293 2892 temporis
315 2803 353 2868 in
374 2801 483 2892 priori
504 2800 640 2872 decreto
661 2803 933 2898 depravationem
946 2802 1178 2898 pulcherrimo

134 2906 339 2986 conveniret,
361 2905 391 2971 si
412 2928 490 2973 vera
510 2929 625 2975 rerum
647 2907 842 2977 conditione
863 2911 941 2977 satis
962 2907 1075 3000 posset
1096 2930 1179 2975 con-

133 3009 273 3103 firmari.
318 3008 406 3076 Nam
427 3008 526 3078 sicuti
546 3012 741 3080 universum
769 3010 856 3081 illud
881 3012 1053 3080 decretum
1074 3009 1180 3104 magIs

135 3139 176 3182 ex
205 3114 368 3182 memoria
396 3116 640 3211 conscriptum,
671 3136 706 3186 et
735 3118 778 3184 ad
806 3134 1017 3210 praesentem
1037 3114 1179 3183 oratoris

134 3241 235 3284 nsum
257 3218 546 3288 accommodatum
566 3245 667 3314 supra
693 3219 946 3314 deprehendere
967 3215 1205 3300 nobisvide·n

135 3322 266 3402 bamur,
288 3322 335 3389 ita
356 3346 449 3391 nuno
472 3326 573 3392 etiam
594 3321 637 3391 de
658 3326 824 3419 industria
845 3323 1110 3417 aMunychione
1129 3322 1181 3390 III

136 3428 174 3491 in
196 3425 521 3499 Hecatomhaeonem
541 3426 698 3496 ultimum
720 3430 869 3496 delatum
891 3445 1084 3523 appareret,
1113 3444 1181 3518 quo
1212 3488 1221 3517 χ,

138 3528 260 3596 clarius
281 3527 411 3598 iudices
432 3529 677 3625 intelligerent,
705 3533 909 3602 Aeschinem
930 3535 1037 3600 tribus
1058 3532 1183 3600 mensi-

136 3632 211 3715 bus,
236 3633 502 3725 Metagitnione,
524 3637 787 3720 Boedromione,
810 3638 1052 3732 Pyanepsione,
1074 3638 1113 3703 in
1135 3635 1185 3702 Ie-

139 3739 272 3830 gatione
295 3739 446 3806 contritis
467 3740 585 3829 (βραχὺ
600 3747 823 3831 φροντίσαντες
838 3743 869 3809 οἳ
886 3743 1019 3830 χρηστοὶ
1041 3741 1186 3828 πρέσβεις

142 3835 228 3910 οὗτοι
249 3847 390 3928 καθῆντο
413 3845 446 3910 ἓν
467 3846 653 3936 Μακεδονίᾳ
673 3857 755 3934 τρεῖς
783 3846 875 3924 ὅλους
899 3853 1011 3932 μῆνας.
1042 3845 1085 3911 de
1114 3867 1184 3912 cor.

141 3973 175 4039 p.
201 3949 295 4034 235),
327 3947 608 4016 Maemactenone
630 3952 766 4016 ineunte
795 3975 835 4016 ex
855 3950 1054 4018 Macedonia
1075 3962 1186 4014 rever·-

142 4075 217 4119 sum
244 4050 420 4121 fallacibus
452 4051 526 4122 illis
551 4052 725 4145 promissis
751 4056 972 4126 Athenienses
1005 4052 1186 4146 decepisse,
