2594 4672
644 294 800 405 ”Q-

205 474 285 538 sisse
305 469 411 537 fertur
431 466 607 535 Plutarcho
630 467 667 555 in
689 467 790 537 Phoc.
815 491 843 534 c.
870 466 918 553 ι4.
963 467 1089 559 ltaque-
1103 466 1246 564 Olymp.

206 574 301 643 cvlt
322 596 410 640 anno
432 572 522 660 haud
544 574 621 640 satis
643 591 742 655 certo,
763 570 822 639 sed
845 587 920 639 aute
935 596 1037 664 quam
1049 574 1143 662 pacis
1166 597 1247 642 cum

204 676 363 771 Philippo
391 675 559 743 ineundae
589 702 607 742 a
637 676 816 768 Phrynone
838 674 1118 768 Aristodemoque
1139 676 1247 746 Athe·

203 785 255 850 nis
285 800 334 849 est
371 782 498 847 mentio
536 780 641 862 facte,
660 835 663 841 .
679 780 803 872 legatos
836 781 1024 872 reperimus
1064 779 1245 863 Euboicos,

202 911 329 981 pacem
354 884 495 951 Athenis
517 885 693 976 agitantes.
744 885 787 950 V.
816 883 934 950 Aesch.
968 910 1001 950 π.
1031 910 1173 973 παραπρ.
1208 912 1243 980 Ρ.

204 1015 256 1082 29.
301 991 432 1056 interea
461 1012 539 1055 vero
570 987 770 1081 Philippum
796 1012 910 1054 rerum
939 987 1167 1056 Euboicarum
1194 998 1245 1057 ar-

202 1096 345 1162 bitrium
366 1095 431 1160 sibi
453 1095 521 1159 iam
543 1117 720 1186 arrogasse,
736 1094 833 1158 testis
857 1109 905 1158 est
926 1092 1053 1160 eiusad
1067 1092 1245 1162 Euboeeu·

93 1231 97 1240 ¹
203 1223 254 1266 ses
278 1197 436 1291 epistola,
468 1197 561 1285 cuius
590 1199 796 1264 mentionem
823 1195 1065 1264 Demosthenes
1094 1195 1177 1265 lacit
1208 1200 1245 1265 in

204 1327 252 1372 or.
273 1301 361 1369 Phil.
384 1302 410 1383 I,
433 1325 467 1392 p.
493 1303 527 1368 51
534 1351 566 1391 ,Ι
591 1300 729 1393 Olymp.
747 1291 855 1382 CVII,
881 1325 909 1366 1.
955 1300 1149 1368 Continuati
1162 1306 1245 1394 quo-

204 1432 270 1500 que
292 1403 373 1471 belli
393 1404 524 1471 nullam
545 1428 616 1473 non
637 1404 790 1472 habuisse
811 1420 942 1497 partem
953 1401 1149 1498 Philippum
1162 1405 1246 1475 iude
1279 1476 1281 1481 ,

186 1506 362 1578 ‘concludi
382 1511 456 1576 iure
477 1525 596 1602 potest,
618 1507 712 1600 quod
733 1507 783 1574 illi
805 1508 1052 1576 Euhoeensium
1065 1508 1169 1601 legati
1186 1534 1251 1605 pua

202 1640 276 1683 cem
296 1614 438 1699 Athenis
461 1614 632 1704 agitantes,
655 1611 851 1705 Philippum
877 1637 1014 1706 quoque
1037 1638 1115 1680 cum
1138 1615 1254 1709 Athe-p

168 1766 171 1782 .
201 1720 371 1786 aiensibus
394 1719 576 1808 transigere
597 1715 682 1785 velle
697 1717 952 1811 profitebantur.
983 1717 1102 1784 Aesch.
1124 1745 1158 1787 π.
1182 1746 1246 1786 πα-

193 1830 296 1913 ’ραπρ.
318 1851 353 1916 Ρ.
377 1847 419 1912 29
441 1823 494 1902 in,
533 1821 696 1916 Sequenti
717 1844 795 1889 vero
818 1819 942 1889 deiude
962 1837 1114 1913 tempore
1135 1847 1247 1916 quan-

139 1929 145 1941 '
202 1947 276 1994 tum
296 1917 344 1993 ex
371 1925 523 2019 Philippi
554 1925 693 1993 arbitrio
723 1931 901 2018 suspensae
930 1927 998 1992 iam
1022 1925 1146 1994 fuerint
1173 1929 1247 1996 Eu-

200 2038 303 2099 hoeae
324 2055 378 2098 res
399 2029 567 2122 publicae,
590 2028 668 2096 satis
690 2027 771 2096 iude
786 2032 974 2111 coniicitur,
997 2027 1090 2123 quod
1101 2028 1244 2123 Olymp.

203 2135 336 2215 CVIII,
368 2158 404 2216 a,
435 2158 543 2228 quum
568 2128 789 2201 Athenienses
822 2134 865 2201 de
897 2158 981 2228 pace
1011 2133 1244 2230 componenda

141 2240 145 2252 '
191 2250 279 2307 'cum
307 2238 469 2331 Philippo
505 2238 661 2331 agebant,
695 2240 846 2306 timuisse
880 2239 1092 2307 Euhoeenses
1117 2239 1245 2310 Demo-

193 2343 332 2411 sthenes
353 2342 465 2426 refert,
487 2367 532 2410 ne
553 2343 808 2411 Atheniensium
833 2352 853 2410 a
875 2342 1037 2437 Philippo
1056 2341 1246 2436 proderem

192 2464 255 2516 'tur
275 2450 431 2541 potestati
453 2449 517 2534 (or.
540 2479 573 2516 π.
591 2475 731 2537 nuperae.
753 2472 788 2540 p.
812 2448 874 2535 348
875 2449 907 2538 );
929 2448 1146 2542 perfidosque
1167 2448 1244 2518 illos

197 2553 453 2620 Atheniensium
475 2551 651 2653 legatos
622 2576 740 2619 vanam
767 2551 896 2646 populo
926 2576 1021 2646 spem
1047 2552 1243 2636 ostendisse,

198 2622 279 2737 fdre,
303 2658 331 2722 si
352 2679 405 2721 res
436 2659 474 2721 in
496 2655 645 2725 Phocide
667 2657 869 2750 Boeotiaque
889 2656 1033 2725 feliciter
1057 2660 1242 2740 cessissent,

110 2790 111 2795 ¹
191 2777 237 2825 'ut
264 2759 420 2852 Oropum
447 2761 495 2826 eis
523 2758 701 2853 Philippus
735 2760 973 2856 Euboeamque
1003 2778 1086 2828 esset
1106 2764 1243 2830 restitu-

200 2882 307 2931 tu1·:us
330 2861 352 2928 l.
377 2889 403 2930 c.
419 2889 454 2956 p
446 2864 543 2954 409,
566 2864 641 2951 445
685 2863 883 2932 Abalienata
905 2868 995 2933 enim
1016 2882 1090 2932 tum
1111 2883 1243 2959 tempo-

196 2969 244 3035 ris
267 2968 404 3035 Euboea
425 2986 497 3036 erat
518 2995 537 3035 a
558 2969 711 3035 societate
733 2970 991 3037 Atheniensium
1011 2995 1090 3062 per
1097 2969 1243 3037 Gelliam

198 3071 296 3140 illum
320 3072 598 3156 Chalcidensem,
620 3097 722 3167 quem
743 3072 897 3179 Philippi
919 3073 1041 3143 auxilio
1064 3075 1225 3141 totiusiu

136 3252 139 3279 ἱ
198 3176 289 3243 sulae
329 3178 541 3270 tyrannidem
578 3159 786 3246 affectantem
830 3178 1013 3247 concilium
1051 3177 1242 3245 Euboicum

198 3279 340 3346 Athenis
365 3272 563 3350 Chalcidem
585 3282 762 3351 transfere
785 3302 942 3351 conatum
963 3307 1033 3351 esse
1055 3283 1240 3350 Aeschines

197 3381 299 3451 refert
322 3407 368 3451 or.
393 3388 430 3452 iu
454 3386 542 3454 Ctes.
564 3413 598 3480 p.
621 3380 664 3454 66
686 3386 773 3454 med.

284 3487 443 3556 Nondum
477 3511 587 3559 tamen
616 3492 787 3583 hucusque
809 3493 1002 3560 univelsum
1023 3490 1153 3559 insulae
1175 3492 1240 3557 im-

196 3592 329 3685 perium
352 3596 528 3663 asseruisse
558 3596 624 3663 sibi
652 3593 829 3688 Philippus
857 3594 1000 3663 'videtur
1044 3596 1175 3663 Verum
1197 3595 1236 3661 ab

193 3694 337 3791 Olymp
362 3692 525 3766 CVIIIa.
549 3701 580 3781 3,
602 3716 781 3792 postquam
810 3702 926 3766 excisis
948 3699 1172 3768 Phocensibus
1193 3695 1235 3763 ad

195 3803 356 3868 maiorem
379 3816 449 3867 erat
469 3803 507 3869 in
526 3803 665 3870 Graecia
692 3805 920 3870 auctoritatem
932 3820 1121 3899 provectus,
1146 3799 1236 3898 quod

196 3907 233 3970 in
257 3902 364 3986 Elide,
388 3904 543 3986 Arcadia,
565 3906 744 3991 Messenia,
759 3890 864 4001 Argis
888 3926 922 3975 et
944 3910 1090 4000 Megaris
1112 3907 1237 3974 factum

195 4033 296 4102 supra
319 4008 479 4091 vidimus,
511 4009 602 4078 idem
626 4029 697 4078 tum
720 4010 889 4079 demum
878 4039 916 4079 ru
940 4014 1075 4080 Euhoea
1098 4034 1236 4105 quoque

193 4111 350 4185 accidisse
375 4113 452 4185 saus
484 4137 548 4209 per
579 4137 615 4184 se
644 4135 913 4200 cousentaneum
938 4135 992 4185 est.
1045 4117 1113 4202 Qui
1143 4119 1236 4184 enim
