2594 4672
209 314 219 342 ·
567 306 723 409 ru.

126 475 180 541 nis
203 471 258 537 die
283 468 381 537 XXV
403 469 489 551 lato,
521 470 612 562 quod
640 487 688 538 est
713 473 750 537 in
779 492 841 540 or.¹
859 471 901 538 de
929 492 997 538 cor.
1030 496 1064 564 p.
1088 476 1165 555 2823

126 576 170 644 ad
192 600 269 642 eum
291 577 422 660 missos3
446 573 631 656 declarant,
648 574 823 643 manifesto
855 599 932 641 eum
960 575 997 641 in
1019 577 1165 644 Atticam

125 681 283 748 invadere
304 677 404 763 velle,
436 703 555 771 pacem
586 680 803 770 compositam
832 680 870 745 in
901 681 1098 755 memoriam
1132 684 1164 746 ei

124 801 294 864 revocant,
318 795 456 875 eamque
478 777 514 850 u't
536 783 710 849 observare
739 783 838 866 velit,
868 800 1001 872 rogant,
1026 785 1077 848 sin
1100 785 1166 849 mi-

124 913 200 970 nus,
218 874 262 954 ¹ut
284 886 327 952 ad
348 885 603 955 deliberandum
627 887 751 954 civitati
774 886 918 978 spatium
941 883 998 952 det
1010 885 1058 951 ad
1070 911 1165 971 men·
1250 885 1252 888 ’

125 1015 328 1082 nemusque>
345 990 614 1081 Thargelionem.
660 990 715 1055 Ad
736 991 819 1056 haec
850 986 933 1082 quid
954 991 1164 1081 responderit

104 1095 324 1186 ·Philippus,
355 1117 423 1160 non
455 1112 590 1160 constat.
648 1092 717 1159 Sed
746 1091 959 1160 intervallum
987 1095 1165 1161 manifesto
1245 1134 1248 1140 <
1293 1141 1296 1146 -

123 1200 215 1278 fecit,
238 1221 300 1289 per
323 1196 416 1288 quod
443 1212 481 1262 ut
501 1197 678 1264 Thebanos
707 1198 772 1263 sihi
795 1195 1002 1278 conciliaret,
1026 1197 1181 1291 operam
1215 1278 1217 1282 ,

126 1300 274 1380 dedisse,
304 1317 337 1365 et
366 1300 506 1367 maiores
535 1301 647 1392 copias
683 1322 897 1390 congregasse
926 1299 1068 1368 videtur.
1120 1303 1162 1368 V.
1231 1349 1235 1358 -

116 1407 260 1472 'Decret
294 1402 415 1469 Athen.
445 1402 487 1490 de
520 1402 666 1471 induciis
689 1405 740 1494 Il,
760 1401 783 1468 l.
807 1428 835 1469 c.
858 1430 892 1495 p.
916 1406 989 1471 282.
1035 1405 1168 1472 Eodem·

95 1585 96 1589 η
126 1510 288 1575 nimirum
314 1508 470 1598 temporis
492 1507 666 1574 intervallo
693 1507 846 1574 Tbebani
877 1508 1083 1575 imminentis
1103 1533 1165 1601 pc-

124 1611 227 1679 riculi
249 1628 341 1677 metu
363 1609 602 1703 epistolam-ad
626 1635 703 1676 eum
725 1614 889 1679 miserunt
909 1612 1001 1701 pacis
1024 1634 1168 1679 concor-

125 1716 267 1806 diaeque
290 1713 496 1781 renovandae
518 1717 631 1806 gratia,
654 1733 759 1807 utque
788 1716 830 1781 de
857 1717 1024 1807 praesenti
1050 1741 1173 1796 rerum,

92 1839 212 1898 ‘statu
232 1819 352 1885 melius
380 1837 516 1911 possent
543 1819 738 1887 deliberare.
782 1820 825 1887 V.
855 1843 1054 1911 responsum
1082 1821 1165 1903 Phi-

124 1923 212 2016 lippi
234 1922 276 1989 ad
297 1923 403 1989 Theb.
426 1922 449 1989 l.
473 1949 500 1990 c.
528 1949 562 2016 p.
592 1925 654 1993 283
676 1949 735 2016 sq.
782 1925 823 1990 In
852 1949 919 2015 qna
945 1931 1061 1989 rerum
1083 1947 1164 1991 con-

125 2028 253 2094 ditione
299 2027 533 2108 Athenienses,
574 2018 756 2120 praeterito
794 2026 1008 2094 induciarum
1045 2031 1163 2121 spatio,

125 2130 365 2222 Munychiouis
388 2128 442 2196 die
463 2131 580 2200 ultimo
602 2156 704 2200 novos
737 2131 779 2198 ad
807 2132 1007 2224 Philippum
1037 2131 1162 2224 legatos

127 2259 205 2302 cum
225 2257 390 2325 praecone
412 2235 562 2343 mittunt,
589 2251 776 2326 rogaturos,
799 2254 837 2300 ut
859 2261 962 2326 quum
985 2236 1163 2302 Thebanos

125 2337 314 2405 abalienare
338 2363 355 2401 a
379 2336 448 2405 sese
471 2356 504 2404 et
531 2362 608 2404 cum
637 2341 729 2406 omni
760 2340 902 2403 exercitu
934 2336 1090 2404 accedere
1121 2337 1164 2403 ad

124 2445 217 2511 locos
251 2443 379 2507 Atticae
412 2443 581 2533 proximos
611 2441 781 2538 moliatur,
811 2440 921 2507 denuo
944 2427 1094 2534 inducias
1116 2443 1165 2535 fa·
1248 2488 1262 2500 s

127 2551 207 2629 ciat,
241 2548 413 2636 otiumque
442 2545 485 2612 ad
519 2532 770 2612 deliberandum
801 2534 994 2625 concedat,
991 2547 1164 2666 quopiam
1230 2599 1234 2610 .

128 2655 226 2719 etiam
248 2673 339 2715 nunc
361 2649 507 2742 populus
536 2653 567 2716 vi
597 2674 695 2744 agere
722 2649 873 2716 nondum
896 2643 1105 2717 constitu'erit
1127 2651 1164 2715 in
1202 2707 1208 2712 .

125 2759 178 2837 iis,
203 2780 286 2848 quae
315 2751 446 2820 tolerari
473 2757 612 2846 possint.
660 2755 724 2824 Ad
742 2753 843 2821 haec
857 2754 1032 2846 Philippus
1061 2753 1166 2821 Athe-

125 2861 309 2942 aiensibus,
333 2885 398 2950 qua
422 2883 497 2949 erga
520 2882 554 2924 se
577 2861 650 2924 ab
641 2862 736 2927 mitio
752 2860 880 2925 fueunt
893 2856 1071 2940 voluntate,
1094 2882 1165 2926 non

126 2965 280 3056 ignorare
303 2987 373 3028 sese
395 2963 585 3054 respondet,
608 2988 716 3055 neque
739 2965 839 3028 etiam
862 2979 1022 3051 quantam
1041 2961 1165 3026 hucus-

81 3076 83 3080 ‘
128 3091 194 3159 que
218 3092 353 3158 operam
377 3065 541 3146 dederint,
565 3056 785 3133 utThessalos
808 3083 841 3131 et
861 3065 1037 3141 Thebanos
1064 3066 1164 3129 etiam

126 3172 266 3238 Boeotos
294 3169 340 3233 ad¹
362 3194 454 3239 suam
483 3173 628 3237 accirent
655 3171 861 3251 societatem3
899 3168 957 3259 qui
984 3191 1088 3258 quum
1118 3169 1165 3234 eis

128 3276 268 3366 obsequi
291 3273 410 3355 nolint,
433 3275 494 3341 sed
514 3276 652 3366 propria
672 3271 856 3340 commoda
885 3288 1049 3352 tueantur,
1072 3282 1165 3337 nu'nc

128 3403 198 3446 eos
210 3379 293 3445 facta
321 3397 459 3471 repente
489 3378 706 3460 conversione
742 3378 848 3468 pacis
862 3398 932 3442 sese
962 3378 1165 3483 compositae

127 3482 318 3563 admonere,
342 3495 545 3575 quamquam
568 3480 662 3546 nulla
684 3477 825 3546 adhuc
815 3481 938 3545 mimia
961 3506 980 3546 a
1001 3503 1035 3546 se
1058 3488 1168 3546 essent

127 3587 246 3667 affecti,
270 3586 493 3679 induciasque
515 3610 653 3706 rogarme3
680 3587 765 3678 quas
795 3564 934 3676 quidem
955 3586 1082 3677 pacisci
1105 3609 1168 3703 pa-

126 3711 235 3757 ratum
259 3716 292 3756 se
317 3715 395 3771 esse,
418 3693 446 3756 si
473 3689 616 3757 lnodo
606 3690 741 3780 miquos
770 3712 918 3755 suasores
947 3707 1022 3755 snos
1045 3714 1064 3755 a
1086 3689 1167 3753 civi-

125 3814 191 3862 tate
214 3819 365 3860 amovere
387 3793 574 3860 voluerint'
594 3832 631 3842 -
664 3795 787 3860 Eodem
817 3810 966 3885 tempore
995 3791 1167 3872 Thebanis

117 3898 351 3965 'blandissimis
393 3894 501 3962 verbis
545 3897 742 3987 respondet:
789 3899 883 3988 prius
932 3894 1089 3987 quidem-
1112 3919 1167 3957 su-

124 4022 254 4095 spectos
292 4026 346 4068 cos
380 3997 545 4081 habuisse,
583 4015 630 4066 ac'
658 4003 687 4073 si
727 4000 981 4067 Atheniensium
1021 3996 1183 4084 consiliis

126 4108 316 4173 obsecuturi
329 4103 468 4186 suerint,
492 4121 525 4170 at
537 4111 644 4188 nunc,
659 4096 835 4199 postquam
852 4125 887 4168 ex
901 4099 1038 4193 epistola
1051 4122 1169 4186 eorum

803 4209 870 4278 16*
1026 4206 1029 4212 ’
