2580 4680
565 271 722 379 *ffl-
756 259 759 262 ,

122 446 157 512 in
180 441 319 510 Euboea
343 455 562 533 tyrannorum
585 440 770 520 dominatio
791 427 902 523 fuerit,
925 462 993 534 quo
1014 456 1167 536 tempore
1238 436 1240 440 ’

122 549 345 619 Athenienses
379 544 581 638 legationem
616 546 653 613 in
684 545 857 615 Euboeam
888 547 1062 613 miserunt.
1121 547 1168 613 Et

121 655 281 723 subtere
302 673 380 718 vera
400 651 469 718 iam
489 668 563 719 tum
595 650 753 745 temporis
781 647 987 718 Clitarchum
1012 651 1167 718 Eretriae

123 779 306 852 tyranuum
334 754 517 824 Aeschines
542 754 720 850 perspicue
746 752 846 822 docet
873 778 921 823 or.
947 756 985 822 in
1018 754 1106 824 Ctes.
1128 781 1164 849 Ρ.

120 865 164 933 68
185 859 277 931 med.

206 964 271 1032 llis
292 963 397 1055 iginm
416 963 561 1032 excussis
591 962 728 1031 certiori
756 963 825 1029 iam
853 963 906 1030 via
936 958 1165 1056 quaestionem

121 1068 164 1138 tle
186 1086 339 1163 tempore
365 1065 542 1160 legationis
568 1065 660 1136 illius
682 1066 849 1135 Euboicae
877 1069 1036 1160 persequi
1068 1087 1166 1161 pote-

119 1175 236 1241 rimus.
280 1162 322 1240 Iri
352 1194 422 1265 quo
454 1169 493 1240 id
519 1173 672 1265 primum
699 1189 829 1240 constat
854 1195 891 1239 ex
912 1171 1032 1240 Aesch.
1054 1194 1102 1241 or.
1125 1175 1164 1241 in

121 1277 209 1346 Ctes.
232 1301 268 1371 Ρ.
289 1277 333 1368 67
355 1293 448 1358 extr„
469 1273 669 1368 legationem
689 1276 834 1358 missam,
858 1291 916 1342 aut
937 1291 1026 1344 certe
1047 1275 1165 1346 decre-

120 1400 187 1450 tam
209 1405 281 1450 esse
302 1403 417 1448 mense
437 1379 713 1462 Authesterioue,
741 1403 844 1473 quem
868 1379 1164 1450 Anthesterionem

120 1485 220 1554 fuisse
244 1485 384 1579 Olymp.
408 1483 489 1552 clx
518 1485 599 1552 anni
628 1502 686 1553 aut
703 1485 826 1580 primi,
848 1501 906 1551 aut
924 1485 1084 1568 secundi,
1106 1505 1183 1555 aut‘

121 1588 268 1683 denique
297 1590 389 1657 tertii
419 1611 555 1656 necesse
577 1605 642 1670 est,
673 1606 708 1657 et
728 1586 823 1709 guoti
844 1585 984 1681 Olymp.
1007 1588 1088 1656 c1x
1094 1639 1106 1674 ,
1144 1615 1154 1657 ι

120 1691 299 1786 Philippus
320 1693 479 1761 Euboeae
506 1693 689 1787 imperium
718 1691 876 1761 nolentia
902 1694 1054 1784 primum
1086 1718 1163 1763 coe·
1199 1749 1202 1752 .

121 1797 172 1890 pit
192 1797 354 1879 affectare,
377 1815 411 1866 et
432 1795 526 1890 qnod
549 1795 688 1891 Olymp.
713 1796 808 1880 clx,
830 1796 852 1884 4
874 1796 1087 1890 Clitarchum
1108 1801 1163 1866 in-

122 1900 190 1968 sula
212 1901 388 1995 expulsum
416 1903 484 1970 iam
513 1927 584 1971 esse
605 1900 773 1972 Diodorus
798 1901 912 1970 refert.
956 1903 1028 1970 Iam
1047 1905 1160 1996 primo

120 2028 206 2074 anno
230 2003 368 2100 Olymp.
398 2006 490 2088 CIX,
512 2008 643 2076 etiamn
671 2008 804 2075 eciam
830 2005 1007 2099 Philippus
1033 2012 1181 2076 merce?

119 2110 228 2177 uarios
250 2112 288 2178 in
310 2111 482 2179 Euboeam
509 2113 655 2194 miserat,
674 2109 793 2180 foedus
815 2127 927 2178 tamen
948 2113 1036 2181 iuter
1055 2113 1162 2181 Athea

120 2215 251 2280 aienses
284 2233 317 2282 et
345 2216 492 2284 civitates
519 2214 686 2284 Euboicas
713 2217 819 2283 ictum
846 2240 915 2283 esse
941 2240 1012 2286 non
1036 2220 1160 2310 potuit.

120 2317 205 2384 Nam
228 2320 265 2386 iu
286 2341 336 2387 or.
357 2349 390 2389 π.
414 2345 564 2408 παραπρ.,
590 2319 729 2412 Olymp.
751 2321 854 2410 igitur
865 2319 956 2401 clx,
978 2343 1010 2399 a,
1031 2320 1159 2412 ubique

119 2421 359 2490 Demosthenes
389 2422 561 2492 Euboeam
589 2424 632 2490 ab
658 2423 917 2490 Atheniensibus
940 2421 1161 2493 abalienatam

95 2529 354 2624 'conqueritur3
376 2521 481 2597 immo
502 2554 537 2623 p.
561 2527 626 2614 364
647 2527 858 2596 Euhoeenses
885 2526 1082 2613 καταράτους
1101 2550 1161 2596 vo-

118 2649 181 2713 cat,
203 2633 367 2700 nimirum
390 2631 483 2726 quoti
510 2633 717 2727 nuperrimis
737 2631 995 2700 Atheniensium
1021 2633 1159 2711 monitis

119 2753 153 2804 et
184 2737 469 2807 cohortationibus
496 2755 554 2806 aut
578 2737 793 2805 Atheniensis
825 2736 979 2805 factionis
1009 2735 1160 2806 consiliis

119 2839 350 2935 obtemperare
378 2841 584 2935 denegarint.
609 2880 650 2894 ·-
673 2843 715 2909 In
735 2841 995 2910 Anthesterione
1017 2840 1158 2934 Olymp.

119 2942 211 3028 CIX,
234 2970 254 3013 a
277 2950 470 3042 conspirant
489 2946 652 3042 plurimas
674 2947 836 3039 primum,
859 2942 951 3038 quod
962 2943 1162 3012 Demosthe·

117 3071 175 3116 nes
196 3051 330 3118 missam
358 3076 427 3120 esse
453 3052 655 3144 legationem
682 3051 787 3132 dicit,
817 3047 911 3137 ἦνίκα
942 3053 1001 3134 τῆς
1020 3048 1162 3131 Εὖβοίας

119 3149 153 3244 [i
178 3155 349 3248 Φίλιππος]
371 3157 497 3243 ἥπτετο,
522 3174 596 3224 tum
616 3152 711 3248 quod
731 3154 914 3221 Aeschines
936 3173 986 3218 or.
1007 3151 1046 3219 in
1068 3150 1158 3220 Ctes.⁴

117 3278 151 3347 p.
184 3259 228 3326 68
259 3259 469 3328 Clitarchum
496 3279 569 3330 tum
606 3259 766 3353 temporis
796 3257 945 3325 Eremiae
976 3274 1158 3350 tyranuum

117 3358 218 3428 luisse
231 3360 339 3446 docet,
363 3365 475 3435 Oritas
487 3383 600 3433 tamen
613 3363 924 3452 δημοκρατουμένους
936 3369 1042 3446 vocat,
1064 3359 1158 3452 quoti

118 3462 160 3531 ad
180 3466 473 3538 Anthesteriouem
500 3468 637 3564 Olymp.
661 3466 758 3551 clx,
789 3469 809 3537 3
833 3466 1004 3534 difficilius
1025 3464 1159 3534 videtur

117 3569 235 3637 referri
256 3596 369 3663 posse,
397 3572 545 3666 denique
567 3591 601 3643 et
620 3574 779 3654 maxime,
802 3569 895 3665 quod
916 3568 1101 3639 demevisse
1122 3594 1158 3638 se

117 3670 320 3768 legationem
342 3678 525 3747 Euboicam
541 3677 781 3746 Demosthenes
803 3674 888 3744 dicit
909 3674 968 3766 (de
989 3699 1057 3744 cor.
1081 3678 1159 3758 aba)

117 3796 192 3867 post
218 3776 419 3873 legationem
446 3780 783 3875 Peloponnesiacum,
819 3805 921 3874 quam
956 3805 1031 3873 sup.
1057 3777 1081 3846 l.
1112 3775 1158 3845 ad

119 3881 257 3979 Olymp.
291 3882 387 3967 CIX,
415 3911 435 3954 a
464 3885 640 3953 retulimus
670 3909 710 3954 ex
731 3887 828 3953 Dem
850 3909 900 3952 or.
923 3882 1071 3976 Philipp.
1094 3881 1156 3961 111,

118 4010 150 4076 Ρ.
178 4012 255 4078 129,
290 4008 322 4056 et
345 3995 415 4081 ipse
437 3993 537 4058 etiam
559 3992 740 4058 Aeschines
762 3992 815 4076 (iu
837 3988 928 4058 Ctes.
950 4013 984 4080 Ρ.
1005 3988 1064 4076 67)
1087 3986 1158 4052 Dc-

118 4093 324 4162 morthenem
348 4121 385 4161 ea
407 4119 446 4162 ex
467 4092 630 4188 legatione
645 4119 824 4178 reversum,
847 4117 950 4189 quam
963 4091 1160 4188 nuperrima
