2594 4672
506 211 790 344 ‘Q'

131 432 194 503 pra
216 409 373 501 expositis
395 407 532 485 omuino
565 407 777 482 statuendum
806 409 947 478 videtur.
993 410 1102 494 Quam
1123 413 1167 481 ob

131 537 204 580 rem
225 511 333 581 si201.
358 511 428 579 CV.
453 509 693 581 Charidemum
720 513 972 594 Atheniensem,
1005 515 1047 580 ab
1071 516 1169 582 Orita
1200 598 1203 602 Ι

82 607 94 614 ’
133 615 301 684 diversum
321 617 436 684 vixisse
459 634 601 698 constet,
632 617 778 684 eundem
806 619 903 684 etiam
930 617 1103 709 probabile
1125 621 1169 688 sit

133 717 189 788 Ol.
213 719 301 800 CVI,
324 743 343 784 ο
366 743 443 785 curn
465 719 616 788 Dictimo
644 738 833 812 praetorem
858 719 984 805 factum
1015 724 1052 788 in
1076 722 1170 792 Sala·
1225 784 1229 791 .

131 825 224 896 mine
255 820 297 889 d'c
325 845 362 887 re
392 821 526 914 publica
555 824 640 899 bene
662 824 819 890 meritum
841 847 926 903 esse,
955 825 1048 912 quod
1070 850 1170 918 supra

131 927 317 1005 statuimus,
349 943 383 991 et
411 923 466 992 01.
496 925 606 1004 CVII,
638 949 657 991 a
684 925 824 993 Athenis
854 925 892 989 in
922 923 1169 993 Chersonesum

130 1030 286 1108 missurn,
315 1024 461 1118 indeque
489 1025 544 1091 Ol.
568 1026 678 1108 CVII,
710 1029 733 1113 4
767 1023 971 1120 Olynthum,
994 1027 1085 1095 unde
1108 1030 1169 1097 do-

130 1156 224 1197 mum
244 1153 394 1195 reversus
417 1131 520 1194 atrei
541 1130 698 1222 publicae
729 1129 893 1220 gerendae
926 1129 1058 1198 deditus
1088 1133 1168 1198 Phi-

129 1232 218 1324 lippi
239 1231 357 1298 studiis
380 1233 539 1298 acerrime
566 1231 752 1301 adversatus
781 1236 840 1314 sit,
864 1232 971 1301 donec
985 1235 1051 1301 ·Ol.
1075 1235 1168 1318 CXI,

131 1362 151 1404 a
175 1333 358 1402 Alexandro
389 1336 525 1404 iubente
548 1336 621 1403 exul
651 1336 693 1404 ad
716 1339 857 1405 Darium
883 1360 952 1403 sese
980 1336 1173 1420 contulerit,-

131 1441 227 1509 cuius
249 1439 340 1509 iussu
361 1457 495 1512 necatus
527 1441 571 1507 sit
593 1438 647 1508 ol.
672 1440 766 1523 CXI,
788 1441 831 1526 ’4.
877 1443 927 1508 Ita
948 1464 1024 1509 vero
1048 1441 1194 1527 Charis

131 1545 249 1611 demus
272 1543 369 1625 Orita
391 1567 431 1610 ex
452 1542 520 1610 sola
543 1546 693 1611 oratione
716 1546 937 1612 Aristocraten
967 1545 1086 1625 notus,
1103 1568 1167 1627 nec

130 1646 314 1740 quidquam
335 1665 506 1737 praeterea
528 1647 741 1740 exploratum,
757 1648 868 1729 fuerit,
891 1672 977 1741 quae
994 1649 1078 1715 vitae
1095 1650 1167 1715 eius

102 1753 214 1818 ratio
235 1749 336 1816 fuerit
357 1768 432 1842 post
455 1749 510 1818 Ol.
534 1749 641 1832 CVII,
679 1777 705 1817 r.
750 1753 879 1819 Varum
908 1750 950 1817 de
978 1751 1041 1818 hac
1067 1752 1167 1819 etiam

126 1856 234 1948 possit
255 1855 444 1922 coniectura
474 1853 563 1921 haud
589 1856 822 1953 improbabilis
845 1880 885 1922 ex
907 1855 1060 1934 Diodoro
1082 1857 1164 1948 peti,

128 1960 190 2050 qui
212 1981 317 2050 quum
340 1957 381 2025 de
405 1957 606 2025 Charidemo
629 1959 735 2041 exule,
760 1958 815 2025 Ol.
835 1957 925 2039 CXI,
948 1958 970 2043 4
992 1960 1029 2024 in
1051 1959 1166 2025 Persia

97 2118 100 2129 .
126 2080 260 2143 necato,
293 2058 464 2149 falsissime
487 2060 592 2128 dicat:
621 2046 911 2151 συνεστρατεύσατο
929 2065 988 2148 μὲν
1019 2066 1165 2153 Φιλίππη)

126 2174 173 2257 τῷ
201 2172 326 2250 βασιλεῖ
348 2167 398 2231 καὶ
427 2164 552 2231 πάντων
580 2173 643 2232 τῶν
675 2166 924 2252 ἐπιτηδευμάτων
947 2165 1088 2255 τᾶρχηρὸς
1113 2168 1165 2231 καὶ
1226 2246 1232 2255 ¹
1263 2238 1265 2242 ¹

128 2270 304 2355 σύμβουλος
335 2269 467 2354 γεγονὼς
486 2263 542 2353 ἦν,
577 2267 620 2333 ad
652 2268 891 2344 Atheniensem
925 2268 1170 2334 Charidemum

84 2414 86 2418 ·
128 2374 263 2442 conluse
289 2371 440 2438 retulisse
468 2371 576 2437 videri
605 2373 725 2462 possit,
757 2369 849 2462 quod
871 2371 913 2435 ad
944 2372 1165 2461 posteriorem

128 2477 244 2546 Oritae
264 2477 366 2544 vitam
392 2477 565 2566 pertineat.
611 2476 643 2540 Is
670 2478 761 2540 enim
788 2475 856 2539 iam
885 2491 980 2540 antea
1001 2485 1080 2539 c'um
1102 2474 1163 2542 ho-

126 2582 232 2649 stibus
265 2581 521 2647 Atheniensium
548 2579 818 2647 communionem
845 2567 953 2646 inibat
988 2578 1098 2661 (Dem.
1126 2579 1164 2643 in
1292 2612 1294 2619 ·

124 2679 284 2753 Aristocr.
314 2712 348 2778 p.
370 2685 463 2773 669),
496 2684 622 2774 quippe
654 2683 754 2750 homo
784 2680 994 2749 turbulentus
1024 2699 1056 2749 et
1077 2680 1164 2749 lucri
1186 2669 1211 2780 s

127 2788 312 2871 studiosus3
335 2812 446 2880 quem,
471 2789 499 2855 si
522 2787 579 2854 Ol.
604 2787 699 2855 CVII
706 2798 754 2868 ,1
782 2803 858 2879 post
879 2789 1063 2879 orationem
1085 2787 1164 2851 Ari·

125 2909 320 2960 stocrateam
352 2892 492 2959 reiectus
522 2892 563 2957 ab
595 2890 1009 2988 Atheniensibusrfuerit,
1044 2890 1163 2956 Cerso-

124 2995 240 3086 hlepte
261 2993 393 3076 relicto,
424 2994 461 3060 id
494 2995 587 3085 quod
615 3019 653 3062 eo
676 2996 748 3088 ipso
776 2993 847 3060 fere
876 3011 1026 3086 tempore
1053 2991 1161 3083 Pytho
1236 2984 1240 2990 ⁵

126 3101 229 3168 etiam
250 3099 331 3165 secit
352 3107 392 3184 (v.
416 3124 487 3190 cap.
512 3099 571 3181 IV,
593 3122 644 3164 nr.
669 3095 698 3167 3.
721 3124 755 3189 p.
783 3099 874 3186 135),
898 3096 941 3163 ad
962 3095 1161 3187 Philippum
1223 3166 1225 3170 Α

124 3229 167 3276 sc,
183 3203 361 3273 contulisse
383 3200 556 3272 commode
579 3201 744 3267 coniicere
766 3202 881 3291 possis.
1167 3204 1168 3208 ’

212 3307 402 3375 Probabilis
422 3330 502 3374 sane
528 3305 705 3384 sententia,
740 3330 758 3369 a
792 3329 858 3397 qua
877 3297 1000 3369 'tamen
1030 3325 1173 3382 vereor,

124 3435 170 3480 ne
199 3437 260 3480 nos
293 3412 449 3479 recedere
483 3425 603 3503 cogant
635 3409 700 3499 ipsi
733 3406 786 3474 illi
816 3405 1011 3474 Charidemi
1041 3406 1158 3472 Oritas

123 3539 233 3584 mores
262 3517 512 3610 ingeniumque.
569 3510 668 3596 Quod
700 3513 791 3578 enim
822 3511 1013 3595 Plutarchus
1042 3509 1158 3600 (Phoc.

125 3646 155 3688 c.
176 3621 243 3704 ,16)
276 3619 317 3687 de
349 3620 550 3687 Charidemo
584 3617 703 3698 refert,
734 3615 828 3683 clade
855 3616 898 3682 ad
929 3615 1158 3682 Chaeroneam

81 3707 83 3712 Ι
122 3725 208 3792 facta
230 3730 293 3792 τῶν
312 3729 542 3813 θορυβοποιῶν
554 3723 604 3789 καὶ
625 3726 831 3809 νεωτεριστῶν
860 3726 923 3805 τῶν
943 3719 975 3788 ἔν
995 3719 1082 3787 ἄστει
1101 3716 1159 3782 τὸν
1248 3801 1251 3805 ⁸

122 3826 312 3917 Χαρίδημον
333 3827 482 3895 ἑλκόντων
509 3827 557 3893 ἐπὶ
587 3824 623 3892 τὸ
645 3831 734 3910 βῆμα
760 3826 810 3892 καὶ
832 3835 1014 3911 στρατηγεῖν
1035 3818 1161 3900 ditatis·-

123 3958 203 4015 των,
229 3926 487 4020 ἐφοβήθησαν
517 3929 552 3995 οἳ
580 3929 800 4011 βέλτιστοι·
831 3930 882 3996 καὶ
908 3927 966 4012 τὴν
991 3923 1159 4016 diff-{Aptior

124 4035 226 4122 πάγον
251 4032 368 4119 βουλὴν
396 4031 532 4117 ibenter,
561 4035 594 4101 ἐν
622 4026 676 4124 τῷ
695 4031 784 4123 δήμῳ
812 4030 949 4118 διόμενοι
971 4032 1023 4099 καὶ
1043 4023 1159 4116 tuapt-
