2594 4672
590 238 592 242 ’
638 253 794 353 ..ra-

199 438 340 511 tempus,
364 442 465 510 quam
489 417 546 484 Ol.
579 417 672 500 CVI,
704 443 734 485 a.
779 417 867 489 Nam
894 415 949 491 Ol.
975 399 1071 498 CVI,
1106 394 1244 502 actii.

202 523 334 603 Rhodii,
364 524 515 613 Byzantii
543 540 711 607 uastarunt
744 523 927 601 Lemnum,
962 521 1133 605 Imbrum,
1167 523 1245 593 alias

62 693 64 701 .
127 709 128 712 Ἴ
199 625 459 708 ἱηειι]ιε“(1)ἰοᾶ.
484 627 577 708 XVI,
601 629 673 717 at);
696 651 774 712 mor
795 625 1015 719 Athenienses
1037 623 1080 692 de
1101 627 1245 711 Lemno,

116 768 119 774 ·
200 731 342 811 Imbros
362 728 466 822 Scyro
495 728 629 807 solliciti
657 731 701 798 oh
733 730 934 825 Philippum
954 729 1106 812 luerunt,
1142 733 1245 830 paulo

200 854 275 908 ante
309 827 410 929 quam
445 838 482 907 in
516 836 688 904 Euboeam
723 852 757 901 et
794 833 984 928 Olynthum
1024 835 1248 928 expediebant

18 963 21 969 ·
87 1014 89 1018 μ
124 959 125 964 ’
199 950 259 1024 (or.
284 965 311 1007 c
333 940 449 1006 Neaer.
471 967 504 1032 p
533 940 639 1028 1346),
664 941 757 1034 quod
779 940 906 1010 lactum
927 958 976 1010 esi
997 938 1055 1010 01·
1080 940 1176 1024 CVI
1198 945 1247 1036 νυ

202 1062 234 1113 et
257 1063 328 1114 tum
348 1045 417 1115 fere
440 1039 617 1151 Philippus
641 1047 800 1116 eLemno
824 1063 857 1114 et
873 1043 985 1122 Imbro
1008 1063 1124 1141 captos
1142 1047 1248 1119 Athe-

201 1125 331 1219 nienses
363 1143 517 1231 abduxit,
543 1151 755 1220 Geraestum
762 1151 870 1243 petiit,
893 1149 1162 1222 Mar'atbonem
1151 1177 1248 1223 anva-

201 1257 244 1325 sit
274 1252 433 1346 (Philipp.
468 1257 492 1318 I.
521 1280 554 1348 p.
577 1255 688 1346 49);
679 1273 791 1347 ltaque
819 1252 866 1322 Ol
897 1253 991 1336 CVI,
1026 1255 1248 1345 uprobtthile

203 1377 251 1424 est
272 1359 400 1428 Atticos
422 1358 656 1451 praesidiarios
678 1357 779 1439 fuisse
808 1361 845 1427 in
867 1357 980 1427 Imbro
1003 1376 1036 1427 et
1059 1357 1248 1448 Salamine3

203 1480 273 1533 tum
296 1463 446 1533 floruisse
467 1462 706 1534 Charidemum
728 1461 866 1533 aliunde
880 1479 1007 1535 certum
1028 1479 1087 1533 est.
1135 1467 1248 1550 Quare

182 1567 426 1638 ¹Demonicum
459 1569 633 1639 referimus
664 1569 701 1638 in
733 1565 788 1636 01.
813 1566 907 1650 cvl,
939 1567 1146 1637 aurchonte
1172 1570 1249 1641 Cal·

202 1669 346 1752 listrato,
373 1673 410 1743 in
443 1675 634 1765 prytaniam
663 1674 830 1741 tertiam.“
853 1708 898 1723 -
920 1670 1016 1740 Idem
1040 1672 1248 1762 Demouicus

202 1776 299 1852 uobis
330 1801 433 1866 supra·
460 1779 507 1868 (p.
534 1780 573 1846 55
597 1778 686 1868 sqq.)
710 1774 752 1840 ad
775 1774 831 1841 Ol.
858 1775 954 1843 CVII
962 1825 974 1856 ,
1006 1777 1025 1844 3
1049 1776 1247 1854 referendus

202 1882 291 1949 visus
314 1900 363 1948 est
393 1881 435 1948 ob
465 1906 614 1972 pugnam
641 1883 838 1971 praesertim
866 1878 1101 1961 Salaminiam,
1130 1883 1170 1949 in
1200 1882 1248 1949 al-

204 2000 276 2050 tero
309 1981 441 2054 decreto
474 1999 781 2063 commemoratam,
818 2007 919 2074 quam
948 1981 991 2052 ad
1020 1983 1126 2078 Cypri
1154 1985 1278 2069 Sala-p

205 2090 333 2159 minem
357 2089 587 2161 commissam
634 2089 863 2171 conjecimus.x
912 2086 1043 2156 Verum
1082 2092 1244 2178 sententia

204 2190 285 2262 baec
310 2216 375 2283 qua
398 2182 592 2270 difficultate
616 2191 754 2272 laboret,
778 2195 850 2284 ipse
873 2207 907 2256 et
923 2209 994 2256 tum
1016 2194 1115 2272 sensi,
1138 2218 1245 2285 quum

97 2382 100 2386 Δ
206 2293 264 2365 illa
286 2297 342 2367 vix
366 2322 384 2361 a
407 2322 460 2366 me
482 2299 604 2387 scripta
627 2305 742 2376 erautJ
766 2313 799 2365 et
825 2297 930 2388 magis
952 2313 1068 2386 postea
1090 2296 1246 2379 intellexi,

206 2398 309 2491 quum
343 2401 425 2466 mihi
454 2400 637 2471 Boeckhius
669 2425 731 2466 cur
769 2398 810 2468 de
844 2399 1014 2469 Salamine
1047 2400 1156 2493 Cypri
1184 2403 1247 2469 sibi

206 2530 275 2575 nou
297 2504 446 2573 videatur
469 2529 538 2572 esse
561 2500 791 2597 cogitandum,
825 2504 946 2574 clarius
968 2527 1031 2594 per
1053 2503 1230 2575 litteras
1206 2532 1247 2572 sa„

206 2609 428 2703 gnificaverat.
486 2610 558 2690 Qua
592 2608 634 2676 dc
663 2634 758 2677 causa
791 2609 938 2703 sagacius
972 2631 1046 2677 rem
1076 2609 1246 2702 explorare

168 2725 170 2729 ’
207 2713 312 2802 coepi,
336 2708 573 2802 explo1ataque
596 2710 722 2793 denuo,
754 2737 844 2781 nunc
866 2736 967 2781 novas
988 2713 1136 2782 rationes
1160 2740 1247 2782 meas

206 2818 264 2896 sic,
288 2833 325 2881 ut
348 2816 421 2879 ah
411 2839 483 2907 rpso
507 2815 692 2896 Buechhio‚
725 2841 870 2910 quocum
902 2840 955 2881 eas
978 2821 1248 2887 communicave-

206 2945 288 3001 ram,
313 2921 490 2987 maximam
513 2937 642 3017 partem
665 2921 897 3020 comprobatae
928 2939 1022 3002 sunt,
1055 2921 1114 2992 hic
1148 2946 1248 3023 expo-

206 3051 287 3097 nere
310 3024 417 3096 liceat.

295 3132 421 3228 ltaque,
446 3129 536 3222 quod
549 3152 647 3222 supra
659 3129 921 3210 monstravimus,
935 3128 1106 3196 decretum
1119 3149 1247 3198 utrum-

208 3259 272 3329 que
305 3233 347 3304 ad
378 3235 657 3306 Demostheneam
699 3250 838 3300 aetatem
872 3234 1019 3323 pertinet
1053 3235 1097 3300 ob
1128 3236 1248 3302 Nausi-

207 3337 292 3407 clem
316 3355 348 3407 et
371 3337 620 3419 Charidemum,
643 3340 858 3429 imperatores
873 3336 1138 3408 Demostheneae
1162 3357 1248 3406 aeta-

207 3445 248 3511 tis
272 3443 470 3519 notissimos.
514 3442 705 3534 Utrumque
728 3460 898 3534 praeterea
922 3440 1040 3527 eodem
1063 3441 1118 3510 die
1142 3444 1248 3513 latum

209 3563 267 3624 ost,
291 3545 383 3635 qnod
406 3549 578 3636 utriusque
600 3545 692 3616 idem
715 3565 763 3615 est
792 3563 907 3614 auctor
931 3543 1072 3626 Callias,
1108 3563 1143 3615 et
1164 3565 1247 3615 tem-

207 3675 270 3748 pus
293 3650 427 3718 nonnisi
450 3653 486 3715 iu
509 3651 615 3748 priori
638 3650 823 3720 iudicatum
847 3669 905 3731 est,
929 3653 966 3716 in
989 3649 1092 3718 altero
1107 3655 1247 3719 omnino

161 3831 163 3835 y
208 3755 375 3877 omissum
384 3755 415 3841 *l
461 3756 501 3825 Iu
528 3755 703 3859 posteriori
733 3754 867 3826 decreto
897 3778 1020 3822 corona
1054 3754 1249 3827 decernitur

251 4053 275 4146 ³)
299 4056 352 4124 Ad:
385 4055 528 4122 diversum
566 4053 692 4145 ¹quidem*
711 4037 825 4145 leupus
863 4054 1015 4124 reserenda
1053 4060 1249 4139 contenderis,
