2594 4672
537 305 540 311 ·
638 286 794 393 ns..

194 461 268 545 4'26.
313 458 443 523 Exarsit
466 453 602 548 Olymp.
626 444 735 537 CVII,
757 455 790 541 4,
812 457 973 525 archonte
995 450 1140 524 Athenis
1163 457 1241 526 Gal-

193 562 349 641 limacho,
373 583 440 652 quo
462 562 581 626 missae
609 561 651 626 ab
673 560 936 627 Atheniensibus
964 578 1042 626 sunt
1063 552 1133 629 tres
1160 563 1242 634 illae

194 664 420 759 expeditiones
435 664 656 756 Olynthiaeae
669 682 750 731 teste
762 663 960 732 Philochoro
974 688 1026 757 ap.
1040 666 1146 734 Dion.
1159 667 1202 734 H.
1216 659 1242 736 l.

65 817 70 835 .
194 796 223 836 e.
255 772 285 859 5
318 792 350 859 9.
396 767 464 857 (CI.
493 766 706 861 Pseudoplut.
724 769 791 839 evit.
823 770 856 834 X
884 786 965 837 orat.
999 770 1038 835 in
1066 770 1242 863 Demosth.

193 873 271 940 Vol.
296 872 372 952 XII,
394 896 430 962 Ρ.
453 872 516 938 262
540 869 592 938 ed.
608 872 680 956 H.);
702 871 905 965 finitumque
928 889 977 940 est
989 895 1053 965 per
1070 868 1242 967 expugna-

193 981 322 1046 tionem
344 974 488 1067 Olynthi
510 974 667 1043 archonte
679 975 879 1070 Theophilo,
902 974 960 1042 Ol.
982 976 1108 1057 CVIII,
1139 1002 1165 1061 t,
1186 1004 1241 1046 se-

195 1079 345 1148 eundum
372 1081 512 1170 Dionys.
545 1077 567 1144 l.
595 1104 624 1147 e.
652 1081 683 1169 5.
711 1104 748 1147 to
772 1097 805 1146 et
828 1078 1044 1173 Pseudoplut.
1073 1079 1098 1146 l.
1128 1105 1169 1165 e,
1199 1087 1239 1150 in

194 1188 268 1277 ipso
280 1235 290 1266 ‚
327 1202 365 1251 ut
397 1182 544 1264 videtur,
579 1183 680 1250 huius
717 1186 798 1250 anni
835 1185 942 1251 initio.
994 1184 1119 1251 Eversa
1149 1186 1238 1253 enim

196 1289 349 1380 Olyntho
371 1287 549 1379 Philippus
579 1290 738 1356 continuo
762 1286 961 1380 Olympieos
984 1285 1081 1356 ludos
1108 1291 1147 1355 in
1166 1291 1240 1356 Ma-

196 1392 337 1460 cedonia
358 1393 502 1458 maximo
526 1391 619 1458 cultu
630 1391 814 1458 celebrasse
836 1391 968 1458 dieitur.
1000 1392 1142 1462 Diodor.
1164 1394 1187 1461 l.
1209 1419 1241 1464 e.

195 1499 294 1563 Dem.
316 1524 350 1563 π.
373 1520 512 1583 ueneno.
534 1519 568 1587 Ρ.
592 1493 666 1580 401.
714 1496 764 1563 Cf.
779 1495 899 1563 Aeseh.
923 1524 957 1563 π.
978 1522 1121 1588 uesano.
1142 1523 1176 1591 p.
1196 1501 1242 1568 30

187 1603 268 1691 init.
293 1618 326 1667 et
345 1617 449 1666 nostr.
473 1623 544 1691 cap.
568 1600 630 1680 Ill,
657 1622 683 1665 1.
1259 1666 1262 1672 ⁴

280 1704 358 1770 Una
380 1728 457 1770 cum
479 1703 644 1802 Lasthene
667 1703 803 1792 agitasse
831 1703 923 1795 apud
944 1703 1125 1796 Olynthios
1149 1729 1242 1778 eom-

194 1809 295 1876 moda
316 1807 469 1898 Philippi
497 1806 714 1898 Euthycrates
743 1805 858 1874 fertur.
909 1809 1007 1874 Dem.
1037 1836 1071 1877 π.
1098 1836 1239 1901 numne.

193 1938 228 2006 p.
258 1913 339 1997 425,
369 1910 444 1996 451.
493 1908 646 2002 Uterque
672 1911 828 1976 miseram
854 1910 1057 2002 proditionis
1088 1918 1241 2006 praemio

57 2047 59 2051 ·
194 2033 319 2084 sortem
359 2013 510 2104 accepit.²
563 2013 662 2080 Dem.
707 2013 751 2079 de
794 2015 955 2084 Cherson.
992 2041 1026 2109 p.
1064 2039 1120 2108 99.
1184 2021 1240 2089 Ab

161 2197 163 2201 ,
195 2121 269 2211 ipso
301 2115 461 2210 Philippo
498 2117 642 2210 superbe
676 2135 828 2186 uectatus
859 2143 913 2188 eos
946 2120 1035 2188 Plut.
1068 2123 1172 2192 refert
1201 2124 1242 2194 in

193 2220 443 2315 Apophthegm.
465 2246 499 2313 p.
515 2221 669 2313 96..Vol.
692 2223 775 2290 VIII
798 2222 849 2290 ed.
863 2224 906 2292 H.
931 2247 933 2255 ’
950 2225 982 2291 Α
997 2226 1239 2298 Macedonibus

198 2327 291 2393 enim
312 2350 390 2395 vero
411 2325 625 2418 proditorum
645 2329 783 2393 nomine
805 2326 964 2421 appellati
987 2353 1094 2421 quum
1111 2335 1239 2426 aegrius

65 2507 68 2517 ¹
194 2430 341 2513 ferrent,
370 2449 403 2499 et
425 2447 648 2524 quererentur
675 2430 766 2525 apud
787 2430 1001 2529 Philippum,
1030 2432 1091 2500 ille
1114 2437 1237 2514 σκαιοὺς

195 2535 287 2623 φύσει
316 2537 367 2603 καὶ
394 2534 558 2625 ἆγροικοὸς
585 2537 776 2614 Μακεδόνας
802 2538 853 2603 καὶ
878 2537 951 2624 τὴν·
964 2536 1089 2626 σκάφην
1117 2541 1235 2632 σκάφην
1287 2588 1289 2594 ,

195 2640 341 2727 λέγοντας
361 2637 466 2710 facete
488 2656 523 2708 et
542 2661 678 2731 prorsus
701 2638 869 2731 eleganter
889 2641 1074 2737 respondit.
