2594 4672
512 261 719 365 -..ee

125 442 221 500 tuum
242 426 442 496 bellicorum
470 428 507 493 in
535 427 593 494 tali
627 429 741 492 rerum
765 425 1018 518 'opportunitate
1049 449 1164 495 neces-

124 539 200 603 sitas
230 532 272 600 ad
300 556 357 598 ver
384 555 490 625 usque
512 529 718 624 produxerit.
770 528 870 612 Quod
900 546 1011 610 autem
1041 529 1086 596 ad
1113 555 1165 600 so·

124 642 192 707 cios
223 634 521 728 Peloponnesiacos
558 636 691 711 attinet,
726 656 781 700 eos
811 637 948 701 omuino
978 635 1190 704 verisimile·

40 807 41 812 ,
123 760 172 811 est
200 743 330 822 minus,
364 765 466 831 quam
491 755 639 832 speraret
667 733 860 831 Philippus,
892 736 934 802 ad
964 727 1166 832 ohsequium

120 863 253 938 paratos
275 856 310 910 'se
332 845 551 937 praestitisse,
575 867 634 908 seu
660 842 919 916 Atheniensium
948 845 1087 910 monitis
1112 869 1167 913 co-

51 1026 53 1032 ,
121 950 269 1029 hihitos,
304 973 361 1012 seu
388 948 528 1040 propria
558 945 703 1037 quadam
725 944 884 1020 socordia.
930 943 984 1011 [lli
1007 948 1100 1013 enim
1124 973 1167 1016 ne

80 1096 84 1105 -
124 1071 234 1121 exorto
248 1051 397 1143 'quidem
418 1053 484 1116 iam
510 1048 599 1117 bello
629 1048 781 1141 opitulati
810 1048 971 1142 Philippo
994 1050 1166 1135 videntur,

123 1157 161 1225 id
185 1154 277 1249 quod
300 1157 370 1219 iure
402 1152 558 1220 concludi
588 1180 624 1221 ex
655 1153 792 1246 epistola
816 1143 946 1245 potest,
975 1179 1077 1246 quam
1109 1155 1171 1222 Ol.

124 1261 199 1342 CX,
223 1262 241 1328 3
265 1283 378 1324 mense
397 1253 693 1339 Hecatombaeone,
715 1275 896 1350 postquam
910 1257 1079 1349 prioribus
1102 1277 1168 1352 p'u·

125 1366 197 1456 gnis
221 1361 346 1428 duabus
369 1361 504 1450 adversa
526 1363 658 1431 fortuna
682 1362 883 1442 conflixerat,
905 1358 1101 1454 indignatus
1126 1362 1184 1430 ad·

125 1493 179 1537 eos
199 1469 298 1534 misit.
342 1466 389 1533 V.
411 1467 508 1531 Dem.
528 1465 570 1531 de
593 1489 660 1531 cor.
681 1489 716 1556 p.
734 1467 792 1535 301
822 1461 895 1530 coll.
919 1466 999 1546 302,
1023 1483 1057 1532 et
1079 1492 1169 1559 quae

123 1597 184 1641 nos
228 1571 317 1638 iufra
365 1568 409 1635 de*
446 1569 587 1662 epistola
629 1569 691 1634 hac
736 1567 943 1633 disseremus.
990 1609 1033 1620 —
1076 1572 1171 1642 Haeo

125 1675 262 1769 quidem
293 1676 406 1740 omnia
437 1673 675 1740 Demosthenes
706 1670 793 1737 nihil
828 1673 958 1762 tangit,
988 1676 1095 1742 immo
1132 1703 1168 1771 p.

125 1785 198 1870 278.
230 1794 408 1872 postquam
444 1777 627 1868 Philippus¹
666 1775 749 1842 belli
793 1774 862 1840 dux
899 1795 993 1842 esset·
1025 1798 1168 1864 creatus,

125 1884 256 1964 εὐθὺς,
288 1884 347 1961 ait,
369 1880 509 1965 ’δύναμιν
531 1880 678 1957 συλλέξας
704 1880 951 1967 καὶααρελθῶν
973 1878 1016 1957 ὡς
1038 1885 1087 1948 ἐπὶ
1109 1885 1169 1969 τὴν

106 1988 282 2076 ’Κιρῤαίαν
303 2011 345 2034 -’-
368 1984 426 2070 tipo
444 1985 603 2079 Ἐλάτειαν
625 1983 873 2066 καταλαμβάνει,
890 1983 1017 2051 scilicet
1038 2004 1075 2050 nt
1096 1987 1167 2068 hic,-

125 2090 202 2157 ubi-v
218 2088 394 2153 Aeschinis
428 2086 527 2178 culpa
556 2086 821 2153 demonstranda
841 2105 924 2168 erat,
956 2111 995 2154 eo
1032 2089 1163 2178 gravius

125 2189 321 2286 periculum,
344 2189 464 2257 abillo
488 2192 676 2272 excitatum,
700 2209 884 2283 appareret,
909 2191 1001 2283 quod
1023 2210 1089 2258 tam
1110 2217 1165 2258 re-

124 2299 264 2390 pentino
287 2296 324 2359 in
346 2297 614 2387 rempublicam
647 2298 805 2362 irruisset.
851 2297 958 2388 Magis
989 2315 1101 2362 tamen
1124 2298 1168 2362 ad

123 2404 294 2470 veritatem
316 2426 350 2491 p.
375 2403 453 2467 282:
477 2400 532 2466 τὸν
554 2403 586 2465 ἓν
610 2401 766 2488 Ἀμφίσσῃ
796 2400 947 2484 πόλεμον,
973 2401 1170 2482 musoritae

123 2509 181 2592 μὲν
201 2504 404 2589 ποιήσαντος,
436 2506 716 2590 συμπεραναμένων
742 2506 776 2569 δὲ
796 2510 860 2571 τῶν
882 2505 990 2570 ἄλλων
1005 2511 1069 2570 τῶν
1092 2496 1170 2572 συν-

88 2678 91 2683 ,
125 2615 223 2697 εργῶν
256 2607 340 2696 αὐτῷ
376 2605 434 2690 τὴν
461 2607 541 2692 πρὸς
571 2607 646 2684 τοὺς
673 2610 852 2701 ,Θηβαίους
875 2609 1012 2696 ἔχθραν,
1050 2613 1169 2697 συνέβη

126 2726 182 2779 τόν
200 2712 360 2777 ’Φίλιππον
381 2711 484 2775 ἐλθεῖν
506 2712 552 2796 ἐφ’
572 2707 666 2794 ἡμᾶς,
692 2752 733 2764 -
755 2714 806 2776 καὶ
828 2715 859 2778 εἰ
880 2712 930 2798 μὴ
954 2717 1170 2798 αρυεξανὲἐ

36 2880 38 2885 ,
127 2840 267 2900 σσημεν
289 2810 462 2898 σμικρόν,
486 2812 554 2878 οὐδ’
569 2813 736 2896 ἀναλαβεῖν
749 2815 878 2893 ἑαυτοὺς
899 2815 937 2882 ἂν
952 2816 1169 2902 ἐδυνήθημεν.

133 2936 135 2940 ·
159 2908 162 2913 ’
214 2917 329 3008 Itaque
338 2912 525 3008 Philippus,
537 2933 716 3008 postquam
724 2942 786 3010 per
801 2920 956 2999 hiemem,
971 2938 1009 2986 ut
1022 2919 1168 3003 videtur,
1185 2974 1187 2978 Α

126 3023 227 3114 magis
256 3044 326 3086 sese
355 3037 543 3111 paraverat,
573 3021 739 3088 Thessalis
765 3025 901 3089 iuterim
919 3022 1045 3090 allectis
1058 3025 1176 3092 ’Πισα-Ι

126 3125 275 3219 mopylas
296 3122 558 3216 Elaphebolioue
588 3123 639 3190 nil
661 3124 841 3217 impeditus
875 3129 1014 3208 traiecit,
1038 3130 1170 3222 quippe

129 3231 220 3324 quod
242 3253 295 3295 eas
324 3230 392 3313 iam
424 3226 553 3295 dudum
579 3252 642 3321 per
663 3231 882 3296 mercenarios
913 3249 1088 3323 occupatas
1118 3252 1170 3300 te-

126 3351 223 3400 neret
249 3341 294 3416 (v.
319 3331 364 3398 ll.
385 3356 431 3399 cc.
454 3356 525 3424 cap.
548 3333 591 3413 Il,
613 3334 666 3422 6),
697 3334 917 3400 Athenienses
946 3354 1059 3402 autem
1082 3348 1170 3428 qu'o-

126 3440 235 3504 minus
258 3436 375 3502 adeas
398 3456 505 3529 ,opem
527 3439 686 3503 continuo
717 3438 859 3518 ferrent,
888 3463 1093 3532 perpacem
1114 3444 1170 3507 in-

128 3558 227 3609 eunte
253 3564 342 3610 anno
374 3539 592 3638 compositam
620 3540 874 3632 impedirentur.
927 3544 1169 3638 Thermopylis

53 3728 54 3733 η
127 3638 279 3711 traiectis
296 3664 366 3734 ¹per
400 3645 523 3710 Locros
558 3645 808 3735 Epicnemidios
830 3670 955 3712 'versus
990 3648 1169 3719 Cnemidis

76 3759 91 3838 J
127 3749 291 3840 angustias
314 3740 500 3840 urbemque
523 3747 670 3812 Elateam
698 3749 909 3841 procedebat.
956 3751 1025 3818 Sed
1046 3764 1181 3845 proce-¹·

77 3907 78 3910 η
128 3851 263 3919 dentem
283 3875 466 3943 omnesque
486 3852 631 3943 regionis
664 3852 761 3918 huius
783 3855 901 3936 u'rbes,
931 3880 1016 3948 quae
1045 3875 1169 3947 sponte

127 3955 334 4022 deditionem
359 3956 467 4020 facere
509 3954 697 4036 noluerint,
730 3978 950 4050 occupantem
977 3960 1168 4028 Athenien-

126 4083 176 4128 ses
198 4059 357 4129 cohibent
378 4083 440 4151 per
461 4057 603 4151 legatos,
633 4083 674 4127 ex
696 4059 829 4132 decreto
853 4065 899 4147 1.‚
928 4061 1173 4156 Elaphebolia--
